Date,Open_TSLA,High_TSLA,Low_TSLA,Close_TSLA,Adj_Close_TSLA,Volume_TSLA,EPS_qtr,Revenue,oper_cash_fl,gross_mrgn,oper_mrgn,net_mrgn,pe_ann,pe_qtr,fed_funds_rate,Open_NDQ,High_NDQ,Low_NDQ,Close_NDQ,Adj Close_NDQ,Volume_NDQ,Open_SPX,High_SPX,Low_SPX,Close_SPX,Adj_Close_SPX,Volume_SPX
3/11/22,280.066681,281.266663,264.589996,265.116669,265.116669,67037100,0.68,17719000000,4585000000,0.2528,0.1212,0.1026,97.4693636,389.8774544,0.0025,13229.76953,13239.34961,12830.37012,12843.80957,12843.80957,5288210000,4279.5,4291.009766,4200.490234,4204.310059,4204.310059,4938640000
3/14/22,260.203339,266.899994,252.013336,255.456665,255.456665,71152200,0.68,17719000000,4585000000,0.2528,0.1212,0.1026,93.91789154,375.6715662,0.0025,12795.12012,12918.00977,12555.34961,12581.21973,12581.21973,5876710000,4202.75,4247.569824,4161.720215,4173.109863,4173.109863,5574920000
3/15/22,258.42334,268.523346,252.190002,267.296661,267.296661,66841200,0.68,17719000000,4585000000,0.2528,0.1212,0.1026,98.27083125,393.083325,0.0025,12685.23047,12973.87988,12616.58984,12948.62012,12948.62012,5440100000,4188.819824,4271.049805,4187.899902,4262.450195,4262.450195,5392470000
3/16/22,269.666656,280.666656,267.420013,280.07666,280.07666,84028800,0.68,17719000000,4585000000,0.2528,0.1212,0.1026,102.9693603,411.8774412,0.005,13119.37012,13440.12012,12992.2002,13436.54981,13436.54981,6552210000,4288.140137,4358.899902,4251.990234,4357.859863,4357.859863,6309750000
3/17/22,276.996674,291.666656,275.23999,290.533325,290.533325,66582900,0.68,17719000000,4585000000,0.2528,0.1212,0.1026,106.8137224,427.2548897,0.005,13360.71973,13620.79981,13317.13965,13614.78027,13614.78027,5612090000,4345.109863,4412.669922,4335.649902,4411.669922,4411.669922,4985090000
3/18/22,291.496674,302.616669,289.130005,301.796661,301.796661,100414200,0.68,17719000000,4585000000,0.2528,0.1212,0.1026,110.9546548,443.8186191,0.005,13564.62988,13899.28027,13528.05957,13893.83984,13893.83984,8149290000,4407.339844,4465.399902,4390.569824,4463.120117,4463.120117,8278430000
3/21/22,304.993347,314.283325,302.363342,307.053345,307.053345,81981600,0.68,17719000000,4585000000,0.2528,0.1212,0.1026,112.8872592,451.5490368,0.005,13860.38965,13945.80957,13682.54981,13838.45996,13838.45996,5673940000,4462.399902,4481.75,4424.299805,4461.180176,4461.180176,4869820000
3/22/22,310,332.619995,307.25,331.32666,331.32666,105868500,0.68,17719000000,4585000000,0.2528,0.1212,0.1026,121.8112721,487.2450882,0.005,13866.42969,14141.07031,13857.29004,14108.82031,14108.82031,5445100000,4469.100098,4522,4469.100098,4511.609863,4511.609863,4754840000
3/23/22,326.646667,346.899994,325.466675,333.036682,333.036682,120676200,0.68,17719000000,4585000000,0.2528,0.1212,0.1026,122.4399566,489.7598265,0.005,13990.34961,14152.13965,13921.65039,13922.59961,13922.59961,5024230000,4493.100098,4501.069824,4455.810059,4456.240234,4456.240234,4550670000
3/24/22,336.57666,341.496674,329.600006,337.973328,337.973328,68920800,0.68,17719000000,4585000000,0.2528,0.1212,0.1026,124.2549,497.0196,0.005,14001.32031,14193.54981,13897.2002,14191.83984,14191.83984,5149520000,4469.97998,4520.580078,4465.169922,4520.160156,4520.160156,4131390000
3/25/22,336,340.600006,332.440002,336.880005,336.880005,62031600,0.68,17719000000,4585000000,0.2528,0.1212,0.1026,123.852943,495.4117721,0.005,14194.71973,14218.75977,14010.79004,14169.29981,14169.29981,5585100000,4522.910156,4546.029785,4501.069824,4543.060059,4543.060059,4305020000
3/28/22,355.033325,365.959991,351.200012,363.946655,363.946655,102506100,0.68,17719000000,4585000000,0.2528,0.1212,0.1026,133.8039173,535.2156691,0.005,14177.20996,14356,14101.33984,14354.90039,14354.90039,5129500000,4541.089844,4575.649902,4517.689941,4575.52002,4575.52002,4312260000
3/29/22,369.329987,371.589996,357.703339,366.523346,366.523346,73614900,0.68,17719000000,4585000000,0.2528,0.1212,0.1026,134.7512301,539.0049206,0.005,14500.38965,14646.90039,14419.40039,14619.63965,14619.63965,6060890000,4602.859863,4637.299805,4589.660156,4631.600098,4631.600098,5085910000
3/30/22,363.723328,371.316681,361.333344,364.66333,364.66333,59865000,0.68,17719000000,4585000000,0.2528,0.1212,0.1026,134.0674007,536.2696029,0.005,14558.58984,14609.25,14383.4502,14442.26953,14442.26953,5479200000,4624.200195,4627.77002,4581.319824,4602.450195,4602.450195,4385570000
3/31/22,364.856659,367.713318,358.880005,359.200012,359.200012,48992700,0.68,17719000000,4585000000,0.2528,0.1212,0.1026,132.0588279,528.2353118,0.005,14444.78027,14456.74023,14217.71973,14220.51953,14220.51953,5453890000,4599.02002,4603.069824,4530.410156,4530.410156,4530.410156,4823020000
4/1/22,360.383331,364.916656,355.546661,361.529999,361.529999,54263100,0.68,17719000000,4585000000,0.2528,0.1212,0.1026,132.9154408,531.6617632,0.005,14269.53027,14306.94043,14131.80957,14261.5,14261.5,5002790000,4540.319824,4548.700195,4507.569824,4545.859863,4545.859863,4562940000
4/4/22,363.126678,383.303345,357.51001,381.816681,381.816681,82035900,0.68,17719000000,4585000000,0.2528,0.1212,0.1026,140.3737798,561.4951191,0.005,14304.34961,14534.37988,14286.4502,14532.54981,14532.54981,4630100000,4547.970215,4583.5,4539.209961,4582.640137,4582.640137,4547350000
4/5/22,378.766663,384.290009,362.433319,363.753326,363.753326,80075100,0.68,17719000000,4585000000,0.2528,0.1212,0.1026,133.7328404,534.9313618,0.005,14490.25977,14500.29004,14169.12012,14204.16992,14204.16992,4727710000,4572.450195,4593.450195,4514.169922,4525.120117,4525.120117,4800620000
4/6/22,357.823334,359.666656,342.566681,348.58667,348.58667,89348400,0.68,17719000000,4585000000,0.2528,0.1212,0.1026,128.156864,512.6274559,0.005,14002.58008,14032.83984,13788.90039,13888.82031,13888.82031,5360420000,4494.169922,4503.939941,4450.040039,4481.149902,4481.149902,4986830000
4/7/22,350.796661,358.863342,340.513336,352.420013,352.420013,79447200,0.68,17719000000,4585000000,0.2528,0.1212,0.1026,129.5661813,518.264725,0.005,13861.49023,13978.25,13689.23047,13897.29981,13897.29981,4856090000,4474.649902,4521.160156,4450.299805,4500.209961,4500.209961,4821490000
4/8/22,347.736664,349.480011,340.813324,341.829987,341.829987,55013700,0.68,17719000000,4585000000,0.2528,0.1212,0.1026,125.6727893,502.6911574,0.005,13830.46973,13866.05957,13693.69043,13711,13711,4574080000,4494.149902,4520.410156,4474.600098,4488.279785,4488.279785,4083200000
4/11/22,326.799988,336.156677,324.880005,325.309998,325.309998,59357100,0.68,17719000000,4585000000,0.2528,0.1212,0.1026,119.599264,478.3970559,0.005,13547.29004,13585.08008,13401.38965,13411.95996,13411.95996,4946680000,4462.640137,4464.350098,4408.379883,4412.529785,4412.529785,4266290000
4/12/22,332.546661,340.396667,325.533325,328.983337,328.983337,65976000,0.68,17719000000,4585000000,0.2528,0.1212,0.1026,120.9497563,483.799025,0.005,13584.69043,13685.9502,13317.74023,13371.57031,13371.57031,4991720000,4437.589844,4471,4381.339844,4397.450195,4397.450195,4152090000
4/13/22,327.026672,342.079987,324.366669,340.790009,340.790009,55121100,0.68,17719000000,4585000000,0.2528,0.1212,0.1026,125.2904445,501.1617779,0.005,13373.12012,13679.42969,13353.66016,13643.58984,13643.58984,4909720000,4394.299805,4453.919922,4392.700195,4446.589844,4446.589844,3828150000
4/14/22,333.09668,337.570007,327.396667,328.333344,328.333344,58422300,0.68,17719000000,4585000000,0.2528,0.1212,0.1026,120.7107882,482.8431529,0.005,13647.42969,13662.92969,13345.21973,13351.08008,13351.08008,4642240000,4449.120117,4460.459961,4390.77002,4392.589844,4392.589844,4083090000
4/18/22,329.676666,338.306671,324.470001,334.763336,334.763336,51715200,0.68,17719000000,4585000000,0.2528,0.1212,0.1026,123.0747559,492.2990235,0.005,13319.38965,13414.26953,13222.03027,13332.36035,13332.36035,4365230000,4385.629883,4410.310059,4370.299805,4391.689941,4391.689941,3910490000
4/19/22,335.019989,344.980011,331.776672,342.716675,342.716675,49847700,0.68,17719000000,4585000000,0.2528,0.1212,0.1026,125.9987776,503.9951103,0.005,13312.44043,13643.96973,13281.21973,13619.66016,13619.66016,4562840000,4390.629883,4471.029785,4390.629883,4462.209961,4462.209961,4108120000
4/20/22,343.333344,344.666656,325.083344,325.733337,325.733337,70711200,0.95,18756000000,3995000000,0.271,0.1533,0.1351,85.71929921,342.8771968,0.005,13665.37988,13678.54981,13426.12988,13453.07031,13453.07031,4678930000,4472.259766,4488.290039,4448.759766,4459.450195,4459.450195,4290450000
4/21/22,358.243347,364.073334,332.140015,336.26001,336.26001,105416400,0.95,18756000000,3995000000,0.271,0.1533,0.1351,88.48947632,353.9579053,0.005,13623.7002,13710.7002,13140.83008,13174.65039,13174.65039,5233110000,4489.169922,4512.939941,4384.470215,4393.660156,4393.660156,4636890000
4/22/22,338.303345,344.950012,331.333344,335.016663,335.016663,69696600,0.95,18756000000,3995000000,0.271,0.1533,0.1351,88.16227974,352.6491189,0.005,13168.79981,13212.59961,12828.01953,12839.29004,12839.29004,4475090000,4385.830078,4385.830078,4267.620117,4271.779785,4271.779785,4651940000
4/25/22,326.323334,336.206665,325.100006,332.67334,332.67334,68341200,0.95,18756000000,3995000000,0.271,0.1533,0.1351,87.54561579,350.1824632,0.005,12749.16992,13011.4502,12722.58984,13004.84961,13004.84961,4845160000,4255.339844,4299.02002,4200.819824,4296.120117,4296.120117,5240040000
4/26/22,331.809998,333.333344,291.666656,292.140015,292.140015,136133700,0.95,18756000000,3995000000,0.271,0.1533,0.1351,76.87895132,307.5158053,0.005,12918.04004,12918.04004,12490.74023,12490.74023,12490.74023,5168160000,4278.140137,4278.140137,4175.040039,4175.200195,4175.200195,4689970000
4/27/22,299.526672,306,292.453339,293.83667,293.83667,76956300,0.95,18756000000,3995000000,0.271,0.1533,0.1351,77.32543947,309.3017579,0.005,12500.87988,12703.79004,12430.90039,12488.92969,12488.92969,4810720000,4186.52002,4240.709961,4162.899902,4183.959961,4183.959961,4769680000
4/28/22,299.993347,300,273.899994,292.503326,292.503326,124948500,0.95,18756000000,3995000000,0.271,0.1533,0.1351,76.97455947,307.8982379,0.005,12712.86035,12948.51953,12487.86035,12871.53027,12871.53027,5067150000,4222.580078,4308.450195,4188.629883,4287.5,4287.5,4854180000
4/29/22,300.75,311.466675,290,290.253326,290.253326,88133100,0.95,18756000000,3995000000,0.271,0.1533,0.1351,76.38245421,305.5298168,0.005,12710.41992,12861.83008,12315.74023,12334.63965,12334.63965,4733070000,4253.75,4269.680176,4124.279785,4131.930176,4131.930176,5084030000
5/2/22,286.92334,302.119995,282.676666,300.980011,300.980011,75781500,0.95,18756000000,3995000000,0.271,0.1533,0.1351,79.20526605,316.8210642,0.005,12331.69043,12542.54004,12202.41016,12536.01953,12536.01953,4918240000,4130.609863,4169.810059,4062.51001,4155.379883,4155.379883,5163790000
5/3/22,301.059998,308.026672,296.196655,303.083344,303.083344,63709500,0.95,18756000000,3995000000,0.271,0.1533,0.1351,79.75877474,319.0350989,0.005,12511.45996,12645.83008,12460.99023,12563.75977,12563.75977,4547280000,4159.779785,4200.100098,4147.080078,4175.47998,4175.47998,4582050000
5/4/22,301.313324,318.5,295.093323,317.540009,317.540009,81643800,0.95,18756000000,3995000000,0.271,0.1533,0.1351,83.56316026,334.2526411,0.01,12574.73047,12985.00977,12367.01953,12964.86035,12964.86035,5498050000,4181.180176,4307.660156,4148.910156,4300.169922,4300.169922,5136360000
5/5/22,313.006653,315.200012,285.899994,291.093323,291.093323,92519100,0.95,18756000000,3995000000,0.271,0.1533,0.1351,76.60350605,306.4140242,0.01,12787.51953,12787.51953,12183.55957,12317.69043,12317.69043,5308920000,4270.430176,4270.430176,4106.009766,4146.870117,4146.870117,5077030000
5/6/22,295.666656,296,281.036682,288.549988,288.549988,72903000,0.95,18756000000,3995000000,0.271,0.1533,0.1351,75.93420737,303.7368295,0.01,12246.83008,12358.41992,11990.15039,12144.66016,12144.66016,5324480000,4128.169922,4157.689941,4067.909912,4123.339844,4123.339844,5116940000
5/9/22,278.816681,281.876678,260.383331,262.369995,262.369995,90810300,0.95,18756000000,3995000000,0.271,0.1533,0.1351,69.04473553,276.1789421,0.01,11923.03027,11990.61035,11574.94043,11623.25,11623.25,5939140000,4081.27002,4081.27002,3975.47998,3991.23999,3991.23999,5954520000
5/10/22,273.103333,275.119995,258.083344,266.679993,266.679993,84401700,0.95,18756000000,3995000000,0.271,0.1533,0.1351,70.17894553,280.7157821,0.01,11900.33984,11944.94043,11566.28027,11737.66992,11737.66992,6218260000,4035.179932,4068.820068,3958.169922,4001.050049,4001.050049,5885820000
5/11/22,265,269.92334,242.399994,244.666672,244.666672,97224600,0.95,18756000000,3995000000,0.271,0.1533,0.1351,64.38596632,257.5438653,0.01,11645.57031,11844.50977,11339.17969,11364.24023,11364.24023,6152370000,3990.080078,4049.090088,3928.820068,3935.179932,3935.179932,5816140000
5/12/22,233.666672,253.220001,226.666672,242.666672,242.666672,140313000,0.95,18756000000,3995000000,0.271,0.1533,0.1351,63.85965053,255.4386021,0.01,11199.25,11547.33008,11108.75977,11370.95996,11370.95996,6679470000,3903.949951,3964.800049,3858.870117,3930.080078,3930.080078,6286450000
5/13/22,257.82666,262.450012,250.523331,256.529999,256.529999,92150700,0.95,18756000000,3995000000,0.271,0.1533,0.1351,67.50789447,270.0315779,0.01,11555.96973,11856.70996,11510.25977,11805,11805,5894020000,3963.899902,4038.879883,3963.899902,4023.889893,4023.889893,5183340000
5/16/22,255.720001,256.58667,239.696671,241.456665,241.456665,86098500,0.95,18756000000,3995000000,0.271,0.1533,0.1351,63.54122763,254.1649105,0.01,11727.13965,11804.58984,11627.53027,11662.79004,11662.79004,4930250000,4013.02002,4046.459961,3983.98999,4008.01001,4008.01001,4415030000
5/17/22,249.119995,254.82666,242.949997,253.869995,253.869995,80236200,0.95,18756000000,3995000000,0.271,0.1533,0.1351,66.80789342,267.2315737,0.01,11905.57031,11988.42969,11754.28027,11984.51953,11984.51953,5093960000,4052,4090.719971,4033.929932,4088.850098,4088.850098,4841410000
5/18/22,248.17334,253.5,233.603333,236.603333,236.603333,87811800,0.95,18756000000,3995000000,0.271,0.1533,0.1351,62.264035,249.05614,0.01,11790.67969,11826.21973,11381.69043,11418.15039,11418.15039,5064120000,4051.97998,4051.97998,3911.909912,3923.679932,3923.679932,5103220000
5/19/22,235.666672,244.666672,231.369995,236.473328,236.473328,90296700,0.95,18756000000,3995000000,0.271,0.1533,0.1351,62.22982316,248.9192926,0.01,11364.40039,11562.82031,11313.30957,11388.5,11388.5,5154410000,3899,3945.959961,3876.580078,3900.790039,3900.790039,5113550000
5/20/22,237.996674,240.526672,211,221.300003,221.300003,144973200,0.95,18756000000,3995000000,0.271,0.1533,0.1351,58.23684289,232.9473716,0.01,11542.66992,11552.20996,11035.69043,11354.62012,11354.62012,5434370000,3927.76001,3943.419922,3810.320068,3901.360107,3901.360107,5130730000
5/23/22,218.339996,226.653336,212.686661,224.96666,224.96666,88903500,0.95,18756000000,3995000000,0.271,0.1533,0.1351,59.20175263,236.8070105,0.01,11396.28027,11552.07031,11304.55957,11535.26953,11535.26953,4552200000,3919.419922,3981.879883,3909.040039,3973.75,3973.75,4420030000
5/24/22,217.843338,217.973328,206.856674,209.386673,209.386673,89092500,0.95,18756000000,3995000000,0.271,0.1533,0.1351,55.10175605,220.4070242,0.01,11326.44043,11351.61035,11092.48047,11264.4502,11264.4502,4724430000,3942.939941,3955.679932,3875.129883,3941.47998,3941.47998,4923190000
5/25/22,207.949997,223.106674,207.669998,219.600006,219.600006,92139300,0.95,18756000000,3995000000,0.271,0.1533,0.1351,57.78947526,231.1579011,0.01,11225.03027,11511.90039,11211.84961,11434.74023,11434.74023,4519690000,3929.590088,3999.330078,3925.030029,3978.72998,3978.72998,4802560000
5/26/22,220.473328,239.556671,217.886673,235.910004,235.910004,106003200,0.95,18756000000,3995000000,0.271,0.1533,0.1351,62.08158,248.32632,0.01,11409.83984,11796.96973,11406.16016,11740.65039,11740.65039,4672620000,3984.600098,4075.139893,3984.600098,4057.840088,4057.840088,4709970000
5/27/22,241.083328,253.266663,240.176666,253.210007,253.210007,89295000,0.95,18756000000,3995000000,0.271,0.1533,0.1351,66.63421237,266.5368495,0.01,11869.69043,12131.66016,11856.82031,12131.12988,12131.12988,4793900000,4077.429932,4158.490234,4077.429932,4158.240234,4158.240234,4375620000
5/31/22,257.946655,259.600006,244.743332,252.753326,252.753326,101914500,0.95,18756000000,3995000000,0.271,0.1533,0.1351,66.51403316,266.0561326,0.01,12137.54004,12190.08008,11942.5,12081.38965,12081.38965,6045500000,4151.089844,4168.339844,4104.879883,4132.149902,4132.149902,6822640000
6/1/22,251.720001,257.32666,243.639999,246.789993,246.789993,77247900,0.95,18756000000,3995000000,0.271,0.1533,0.1351,64.944735,259.77894,0.01,12176.88965,12237.94043,11901.42969,11994.45996,11994.45996,4719900000,4149.779785,4166.540039,4073.850098,4101.22998,4101.22998,4531800000
6/2/22,244.156662,264.209991,242.066666,258.333344,258.333344,93473100,0.95,18756000000,3995000000,0.271,0.1533,0.1351,67.98245895,271.9298358,0.01,11945.57031,12320.12012,11901.4502,12316.90039,12316.90039,4445840000,4095.409912,4177.509766,4074.370117,4176.819824,4176.819824,4405790000
6/3/22,243.226669,247.796661,233.416672,234.516663,234.516663,112393800,0.95,18756000000,3995000000,0.271,0.1533,0.1351,61.71491132,246.8596453,0.01,12097.12012,12167.44043,11966.62012,12012.73047,12012.73047,4130040000,4137.569824,4142.669922,4098.669922,4108.540039,4108.540039,3711110000
6/6/22,244.353333,244.866669,234.350006,238.279999,238.279999,84204600,0.95,18756000000,3995000000,0.271,0.1533,0.1351,62.70526289,250.8210516,0.01,12200.33008,12245.40039,12004.2002,12061.37012,12061.37012,4647010000,4134.720215,4168.779785,4109.180176,4121.430176,4121.430176,4332700000
6/7/22,234,239.996674,230.093338,238.886673,238.886673,72808500,0.95,18756000000,3995000000,0.271,0.1533,0.1351,62.86491395,251.4596558,0.01,11925.80957,12194.86035,11888.61035,12175.23047,12175.23047,4411240000,4096.470215,4164.859863,4080.189941,4160.680176,4160.680176,4248210000
6/8/22,240.08667,249.963333,239.176666,241.866669,241.866669,76210500,0.95,18756000000,3995000000,0.271,0.1533,0.1351,63.64912342,254.5964937,0.01,12147.28027,12235.78027,12052.7002,12086.26953,12086.26953,4708980000,4147.120117,4160.140137,4107.200195,4115.77002,4115.77002,4159470000
6/9/22,249.339996,255.546661,239.32666,239.706665,239.706665,96491400,0.95,18756000000,3995000000,0.271,0.1533,0.1351,63.08070132,252.3228053,0.01,12016.46973,12115.05957,11751.98047,11754.23047,11754.23047,5408460000,4101.649902,4119.100098,4017.169922,4017.820068,4017.820068,4134170000
6/10/22,235.156662,239.5,227.91333,232.229996,232.229996,97536600,0.95,18756000000,3995000000,0.271,0.1533,0.1351,61.11315684,244.4526274,0.01,11543.87988,11569.15039,11328.26953,11340.01953,11340.01953,5152020000,3974.389893,3974.389893,3900.159912,3900.860107,3900.860107,4889640000
6/13/22,223.166672,226.633331,214.683334,215.736664,215.736664,102767400,0.95,18756000000,3995000000,0.271,0.1533,0.1351,56.77280632,227.0912253,0.01,10986.84961,11071.48047,10775.13965,10809.23047,10809.23047,5937320000,3838.149902,3838.149902,3734.300049,3749.629883,3749.629883,5636890000
6/14/22,218.286667,226.330002,211.736664,220.889999,220.889999,97988700,0.95,18756000000,3995000000,0.271,0.1533,0.1351,58.12894711,232.5157884,0.01,10897.42969,10926.80957,10733.04004,10828.34961,10828.34961,4819890000,3763.52002,3778.179932,3705.679932,3735.47998,3735.47998,5153890000
6/15/22,220.916672,235.66333,218.149994,233,233,119131800,0.95,18756000000,3995000000,0.271,0.1533,0.1351,61.31578947,245.2631579,0.0175,10968.40039,11244.25977,10866.38965,11099.15039,11099.15039,5368500000,3764.050049,3837.560059,3722.300049,3789.98999,3789.98999,5530480000
6/16/22,222.736664,225.166672,208.693329,213.100006,213.100006,107390700,0.95,18756000000,3995000000,0.271,0.1533,0.1351,56.07894895,224.3157958,0.0175,10806.01953,10831.07031,10565.13965,10646.09961,10646.09961,5696630000,3728.179932,3728.179932,3639.77002,3666.77002,3666.77002,5644930000
6/17/22,213.433334,220.970001,213.196671,216.759995,216.759995,92641800,0.95,18756000000,3995000000,0.271,0.1533,0.1351,57.04210395,228.1684158,0.0175,10697.54981,10884.70996,10638.71973,10798.34961,10798.34961,7452830000,3665.899902,3707.709961,3636.870117,3674.840088,3674.840088,8520740000
6/21/22,224.603333,243.57666,224.333328,237.036667,237.036667,122793000,0.95,18756000000,3995000000,0.271,0.1533,0.1351,62.37807026,249.5122811,0.0175,10974.04981,11164.99023,10974.04981,11069.29981,11069.29981,5226260000,3715.310059,3779.649902,3715.310059,3764.790039,3764.790039,5292260000
6/22/22,234.503326,246.833328,233.82666,236.08667,236.08667,101107500,0.95,18756000000,3995000000,0.271,0.1533,0.1351,62.12807105,248.5122842,0.0175,10941.9502,11216.76953,10938.05957,11053.08008,11053.08008,5238180000,3733.889893,3801.790039,3717.689941,3759.889893,3759.889893,5058990000
6/23/22,237.906662,239.316666,228.636673,235.070007,235.070007,104202600,0.95,18756000000,3995000000,0.271,0.1533,0.1351,61.86052816,247.4421126,0.0175,11137.67969,11260.26953,11046.28027,11232.19043,11232.19043,5258200000,3774.709961,3802.580078,3743.52002,3795.72998,3795.72998,5098640000
6/24/22,237.470001,246.066666,236.08667,245.706665,245.706665,95770800,0.95,18756000000,3995000000,0.271,0.1533,0.1351,64.65964868,258.6385947,0.0175,11351.30957,11613.23047,11337.78027,11607.62012,11607.62012,9468130000,3821.75,3913.649902,3821.75,3911.73999,3911.73999,8120260000
6/27/22,249.366669,252.070007,242.566666,244.919998,244.919998,89178300,0.95,18756000000,3995000000,0.271,0.1533,0.1351,64.45263105,257.8105242,0.0175,11661.01953,11677.49023,11487.07031,11524.54981,11524.54981,5047860000,3920.76001,3927.719971,3889.659912,3900.110107,3900.110107,4325310000
6/28/22,244.483337,249.970001,232.343338,232.66333,232.66333,90391200,0.95,18756000000,3995000000,0.271,0.1533,0.1351,61.22719211,244.9087684,0.0175,11542.24023,11635.84961,11177.67969,11181.54004,11181.54004,5433220000,3913,3945.860107,3820.139893,3821.550049,3821.550049,4270120000
6/29/22,230.5,231.17334,222.273331,228.490005,228.490005,82897200,0.95,18756000000,3995000000,0.271,0.1533,0.1351,60.12894868,240.5157947,0.0175,11160.21973,11226.33008,11072.19043,11177.88965,11177.88965,5650860000,3825.090088,3836.5,3799.02002,3818.830078,3818.830078,4211240000
6/30/22,224.509995,229.456665,218.863327,224.473328,224.473328,94600500,0.95,18756000000,3995000000,0.271,0.1533,0.1351,59.07192842,236.2877137,0.0175,11048.25,11160.91992,10850.00977,11028.74023,11028.74023,5654520000,3785.98999,3818.98999,3738.669922,3785.379883,3785.379883,4840070000
7/1/22,227,230.229996,222.119995,227.263336,227.263336,74460300,0.95,18756000000,3995000000,0.271,0.1533,0.1351,59.80614105,239.2245642,0.0175,11006.83008,11132.54981,10922.70996,11127.84961,11127.84961,4865730000,3781,3829.820068,3752.100098,3825.330078,3825.330078,4046950000
7/5/22,223,233.146667,216.166672,233.066666,233.066666,84581100,0.95,18756000000,3995000000,0.271,0.1533,0.1351,61.33333316,245.3333326,0.0175,10964.17969,11323.88965,10911.4502,11322.24023,11322.24023,5053570000,3792.610107,3832.189941,3742.060059,3831.389893,3831.389893,5076590000
7/6/22,230.779999,234.563339,227.186661,231.733337,231.733337,71853600,0.95,18756000000,3995000000,0.271,0.1533,0.1351,60.98245711,243.9298284,0.0175,11337.90039,11443.15039,11250.32031,11361.84961,11361.84961,4851170000,3831.97998,3870.909912,3809.370117,3845.080078,3845.080078,4417720000
7/7/22,233.919998,245.363327,232.210007,244.543335,244.543335,81930600,0.95,18756000000,3995000000,0.271,0.1533,0.1351,64.35350921,257.4140368,0.0175,11422.59961,11644.46973,11412.87988,11621.34961,11621.34961,4685050000,3858.850098,3910.629883,3858.850098,3902.620117,3902.620117,4057770000
7/8/22,242.333328,254.979996,241.160004,250.763336,250.763336,101854200,0.95,18756000000,3995000000,0.271,0.1533,0.1351,65.99035158,263.9614063,0.0175,11503.61035,11689.7002,11479.76953,11635.30957,11635.30957,4526570000,3888.26001,3918.5,3869.340088,3899.379883,3899.379883,3521620000
7/11/22,252.103333,253.063339,233.626663,234.343338,234.343338,99241200,0.95,18756000000,3995000000,0.271,0.1533,0.1351,61.66929947,246.6771979,0.0175,11524.49023,11541.09961,11348.05957,11372.59961,11372.59961,4362910000,3880.939941,3880.939941,3847.219971,3854.429932,3854.429932,3423480000
7/12/22,236.846664,239.773331,228.369995,233.070007,233.070007,87930900,0.95,18756000000,3995000000,0.271,0.1533,0.1351,61.33421237,245.3368495,0.0175,11420.88965,11483.16992,11207.08008,11264.73047,11264.73047,4317860000,3851.949951,3873.409912,3802.360107,3818.800049,3818.800049,3817210000
7/13/22,225.5,242.059998,225.03334,237.039993,237.039993,97954500,0.95,18756000000,3995000000,0.271,0.1533,0.1351,62.37894553,249.5157821,0.0175,11056.54981,11325.66992,11031.26953,11247.58008,11247.58008,4433060000,3779.669922,3829.439941,3759.070068,3801.780029,3801.780029,4109390000
7/14/22,234.896667,238.653336,229.333328,238.313339,238.313339,78557400,0.95,18756000000,3995000000,0.271,0.1533,0.1351,62.71403658,250.8561463,0.0175,11151.20996,11279.96973,11005.92969,11251.19043,11251.19043,4481070000,3763.98999,3796.409912,3721.560059,3790.379883,3790.379883,4199690000
7/15/22,240,243.623337,236.889999,240.066666,240.066666,69683100,0.95,18756000000,3995000000,0.271,0.1533,0.1351,63.17543842,252.7017537,0.0175,11379.36035,11454.69043,11295.33008,11452.41992,11452.41992,4369060000,3818,3863.620117,3817.179932,3863.159912,3863.159912,4143800000
7/18/22,244.936661,250.516663,239.603333,240.546661,240.546661,82537500,0.95,18756000000,3995000000,0.271,0.1533,0.1351,63.30175289,253.2070116,0.0175,11561.63965,11629.03027,11322.83984,11360.04981,11360.04981,5057920000,3883.790039,3902.439941,3818.629883,3830.850098,3830.850098,4046870000
7/19/22,245,247.139999,236.976669,245.529999,245.529999,80890200,0.95,18756000000,3995000000,0.271,0.1533,0.1351,64.61315763,258.4526305,0.0175,11515,11721.21973,11448.96973,11713.15039,11713.15039,5302740000,3860.72998,3939.810059,3860.72998,3936.689941,3936.689941,4041070000
7/20/22,246.78334,250.66333,243.483337,247.5,247.5,88864200,0.65,16934000000,2351000000,0.271,0.1591,0.1417,95.19230769,380.7692308,0.0175,11726.08984,11939.95996,11703.36035,11897.65039,11897.65039,5467080000,3935.320068,3974.129883,3922.030029,3959.899902,3959.899902,4185300000
7/21/22,255.106674,273.266663,254.866669,271.706665,271.706665,142032300,0.65,16934000000,2351000000,0.271,0.1591,0.1417,104.5025635,418.0102538,0.0175,11914.15039,12060.58984,11812.71973,12059.61035,12059.61035,4680930000,3955.469971,3999.290039,3927.639893,3998.949951,3998.949951,4132790000
7/22/22,276.220001,280.786682,270.713318,272.243347,272.243347,103472700,0.65,16934000000,2351000000,0.271,0.1591,0.1417,104.7089796,418.8359185,0.0175,12025.37012,12093.01953,11767.19043,11834.11035,11834.11035,4721880000,3998.429932,4012.439941,3938.860107,3961.629883,3961.629883,3979240000
7/25/22,272.216675,274.146667,267.399994,268.433319,268.433319,64073400,0.65,16934000000,2351000000,0.271,0.1591,0.1417,103.2435842,412.9743369,0.0175,11837.95996,11855.11035,11707.53027,11782.66992,11782.66992,4346520000,3965.719971,3975.300049,3943.459961,3966.840088,3966.840088,3568340000
7/26/22,266.513336,267.309998,256.263336,258.859985,258.859985,66820800,0.65,16934000000,2351000000,0.271,0.1591,0.1417,99.56153269,398.2461308,0.0175,11701.53027,11711.30957,11533.37012,11562.57031,11562.57031,4349760000,3953.219971,3953.219971,3910.73999,3921.050049,3921.050049,3778950000
7/27/22,263.809998,275.926666,261.790009,274.820007,274.820007,88110000,0.65,16934000000,2351000000,0.271,0.1591,0.1417,105.7000027,422.8000108,0.025,11756.19043,12081.73047,11718.37988,12032.41992,12032.41992,4588480000,3951.429932,4039.560059,3951.429932,4023.610107,4023.610107,4112180000
7/28/22,280.066681,283.299988,272.799988,280.899994,280.899994,84723000,0.65,16934000000,2351000000,0.271,0.1591,0.1417,108.0384592,432.1538369,0.025,12036.48047,12179.08984,11886.66992,12162.58984,12162.58984,4924950000,4026.129883,4078.949951,3992.969971,4072.429932,4072.429932,4413000000
7/29/22,280.700012,298.320007,279.100006,297.149994,297.149994,95313000,0.65,16934000000,2351000000,0.271,0.1591,0.1417,114.2884592,457.1538369,0.025,12239.69043,12426.25977,12181.12988,12390.69043,12390.69043,4907410000,4087.330078,4140.149902,4079.219971,4130.290039,4130.290039,4616360000
8/1/22,301.276672,311.876678,295,297.276672,297.276672,117042900,0.65,16934000000,2351000000,0.271,0.1591,0.1417,114.3371815,457.3487262,0.025,12317.95996,12499.71973,12271.98047,12368.98047,12368.98047,4396390000,4112.379883,4144.950195,4096.02002,4118.629883,4118.629883,4202810000
8/2/22,294.003326,307.833344,292.666656,300.58667,300.58667,95577600,0.65,16934000000,2351000000,0.271,0.1591,0.1417,115.6102577,462.4410308,0.025,12287.66992,12503.33984,12260.48047,12348.75977,12348.75977,4792140000,4104.209961,4140.470215,4079.810059,4091.189941,4091.189941,4727710000
8/3/22,305,309.549988,301.149994,307.396667,307.396667,80091000,0.65,16934000000,2351000000,0.271,0.1591,0.1417,118.2294873,472.9179492,0.025,12433.87012,12699.63965,12425.20996,12668.16016,12668.16016,5667990000,4107.959961,4167.660156,4107.959961,4155.169922,4155.169922,4351760000
8/4/22,311,313.606659,305,308.633331,308.633331,72256200,0.65,16934000000,2351000000,0.271,0.1591,0.1417,118.7051273,474.8205092,0.025,12675.04004,12736.19043,12600.78027,12720.58008,12720.58008,5451470000,4154.850098,4161.290039,4135.419922,4151.939941,4151.939941,4283320000
8/5/22,302.670013,304.606659,285.543335,288.170013,288.170013,113172900,0.65,16934000000,2351000000,0.271,0.1591,0.1417,110.8346204,443.3384815,0.025,12538.79981,12720.44043,12525.76953,12657.54981,12657.54981,4911300000,4115.870117,4151.580078,4107.310059,4145.189941,4145.189941,4085940000
8/8/22,295,305.200012,289.08667,290.42334,290.42334,98994000,0.65,16934000000,2351000000,0.271,0.1591,0.1417,111.7012846,446.8051385,0.025,12703.71973,12855.15039,12597.75,12644.45996,12644.45996,5238600000,4155.930176,4186.620117,4128.970215,4140.060059,4140.060059,4221090000
8/9/22,290.293335,292.396667,279.353333,283.333344,283.333344,86244600,0.65,16934000000,2351000000,0.271,0.1591,0.1417,108.9743631,435.8974523,0.025,12557.49023,12582.91016,12438.86035,12493.92969,12493.92969,5307340000,4133.109863,4137.299805,4112.089844,4122.470215,4122.470215,3913090000
8/10/22,297.066681,297.51001,283.369995,294.356659,294.356659,94918800,0.65,16934000000,2351000000,0.271,0.1591,0.1417,113.2140996,452.8563985,0.025,12793.44043,12861.44043,12698.61035,12854.79981,12854.79981,5196210000,4181.02002,4211.029785,4177.259766,4210.240234,4210.240234,4546010000
8/11/22,296.513336,298.236664,285.833344,286.630005,286.630005,70155000,0.65,16934000000,2351000000,0.271,0.1591,0.1417,110.2423096,440.9692385,0.025,12944.82031,13026.24023,12760.08984,12779.91016,12779.91016,5815960000,4227.399902,4257.910156,4201.410156,4207.27002,4207.27002,4630200000
8/12/22,289.416656,300.160004,285.033325,300.029999,300.029999,79657200,0.65,16934000000,2351000000,0.271,0.1591,0.1417,115.3961535,461.5846138,0.025,12866.30957,13047.19043,12821.21973,13047.19043,13047.19043,4782610000,4225.02002,4280.470215,4219.779785,4280.149902,4280.149902,3788010000
8/15/22,301.786682,313.133331,301.230011,309.320007,309.320007,89359200,0.65,16934000000,2351000000,0.271,0.1591,0.1417,118.9692335,475.8769338,0.025,12996.62988,13146.05957,12993.78027,13128.04981,13128.04981,4476040000,4269.370117,4301.790039,4256.899902,4297.140137,4297.140137,3696830000
8/16/22,311.666656,314.666656,302.883331,306.563324,306.563324,88136400,0.65,16934000000,2351000000,0.271,0.1591,0.1417,117.9089708,471.6358831,0.025,13082.63965,13181.08984,12979.24023,13102.54981,13102.54981,5028410000,4290.459961,4325.279785,4277.77002,4305.200195,4305.200195,4329820000
8/17/22,303.396667,309.656677,300.033325,303.996674,303.996674,68766000,0.65,16934000000,2351000000,0.271,0.1591,0.1417,116.9217977,467.6871908,0.025,12968.62988,13053.50977,12863.00977,12938.12012,12938.12012,5229520000,4280.399902,4302.180176,4253.080078,4274.040039,4274.040039,3885030000
8/18/22,306,306.5,301.853333,302.869995,302.869995,47500500,0.65,16934000000,2351000000,0.271,0.1591,0.1417,116.4884596,465.9538385,0.025,12937.79004,13002.66016,12873.49023,12965.33984,12965.33984,4724350000,4273.129883,4292.529785,4261.97998,4283.740234,4283.740234,3340330000
8/19/22,299,300.359985,292.5,296.666656,296.666656,61395300,0.65,16934000000,2351000000,0.271,0.1591,0.1417,114.10256,456.41024,0.025,12832.26953,12859.00977,12674.87012,12705.21973,12705.21973,4628170000,4266.310059,4266.310059,4218.700195,4228.47998,4228.47998,3761340000
8/22/22,291.91333,292.399994,286.296661,289.91333,289.91333,55843200,0.65,16934000000,2351000000,0.271,0.1591,0.1417,111.5051269,446.0205077,0.025,12523.16016,12538.54981,12353.73047,12381.57031,12381.57031,4270980000,4195.080078,4195.080078,4129.859863,4137.990234,4137.990234,3907430000
8/23/22,291.453339,298.82666,287.92334,296.453339,296.453339,63984900,0.65,16934000000,2351000000,0.271,0.1591,0.1417,114.020515,456.08206,0.025,12380.37012,12490.84961,12352.03027,12381.29981,12381.29981,3836180000,4133.089844,4159.77002,4124.029785,4128.72998,4128.72998,3823520000
8/24/22,297.563324,303.646667,296.5,297.09668,297.09668,57259800,0.65,16934000000,2351000000,0.271,0.1591,0.1417,114.2679538,457.0718154,0.025,12375.15039,12504.33008,12350.16016,12431.53027,12431.53027,3917170000,4126.549805,4156.560059,4119.970215,4140.77002,4140.77002,3583630000
8/25/22,302.359985,302.959991,291.600006,296.070007,296.070007,53230000,0.65,16934000000,2351000000,0.271,0.1591,0.1417,113.8730796,455.4923185,0.025,12506.37012,12641.25977,12471.98047,12639.26953,12639.26953,4323470000,4153.259766,4200.540039,4147.589844,4199.120117,4199.120117,3566870000
8/26/22,297.429993,302,287.470001,288.089996,288.089996,57163900,0.65,16934000000,2351000000,0.271,0.1591,0.1417,110.8038446,443.2153785,0.025,12630.58008,12655.83984,12141.51953,12141.70996,12141.70996,4530000000,4198.740234,4203.040039,4057.659912,4057.659912,4057.659912,3832750000
8/29/22,282.829987,287.73999,280.700012,284.820007,284.820007,41864700,0.65,16934000000,2351000000,0.271,0.1591,0.1417,109.5461565,438.1846262,0.025,12021.04981,12124.87012,11981.41992,12017.66992,12017.66992,4209850000,4034.580078,4062.98999,4017.419922,4030.610107,4030.610107,3396510000
8/30/22,287.869995,288.480011,272.649994,277.700012,277.700012,50541800,0.65,16934000000,2351000000,0.271,0.1591,0.1417,106.8076969,427.2307877,0.025,12093.05957,12101.84961,11790.01953,11883.13965,11883.13965,4681520000,4041.25,4044.97998,3965.209961,3986.159912,3986.159912,3835860000
8/31/22,280.619995,281.25,271.809998,275.609985,275.609985,52107300,0.65,16934000000,2351000000,0.271,0.1591,0.1417,106.0038404,424.0153615,0.025,11972.55957,12027.42969,11814.16992,11816.2002,11816.2002,4952010000,4000.669922,4015.370117,3954.530029,3955,3955,4542490000
9/1/22,272.579987,277.579987,266.149994,277.160004,277.160004,54287000,0.65,16934000000,2351000000,0.271,0.1591,0.1417,106.6000015,426.4000062,0.025,11707.44043,11798.37012,11546.51953,11785.12988,11785.12988,4792890000,3936.72998,3970.22998,3903.649902,3966.850098,3966.850098,4152250000
9/2/22,281.070007,282.350006,269.079987,270.209991,270.209991,50890100,0.65,16934000000,2351000000,0.271,0.1591,0.1417,103.9269196,415.7076785,0.025,11899.13965,11945.91016,11573.50977,11630.86035,11630.86035,4257410000,3994.659912,4018.429932,3906.209961,3924.26001,3924.26001,3665850000
9/6/22,272.679993,275.98999,265.73999,274.420013,274.420013,55860000,0.65,16934000000,2351000000,0.271,0.1591,0.1417,105.5461588,422.1846354,0.025,11643.03027,11679.42969,11471.5,11544.91016,11544.91016,4622940000,3930.889893,3942.550049,3886.75,3908.189941,3908.189941,4127340000
9/7/22,273.100006,283.839996,272.269989,283.700012,283.700012,50028900,0.65,16934000000,2351000000,0.271,0.1591,0.1417,109.1153892,436.4615569,0.025,11559.37988,11819.07031,11555.08008,11791.90039,11791.90039,4445640000,3909.429932,3987.889893,3906.030029,3979.870117,3979.870117,3890320000
9/8/22,281.299988,289.5,279.76001,289.26001,289.26001,53713100,0.65,16934000000,2351000000,0.271,0.1591,0.1417,111.25385,445.0154,0.025,11679.86035,11896.73047,11660.53027,11862.12988,11862.12988,4329910000,3959.939941,4010.5,3944.810059,4006.179932,4006.179932,3966850000
9/9/22,291.670013,299.850006,291.25,299.679993,299.679993,54338100,0.65,16934000000,2351000000,0.271,0.1591,0.1417,115.2615358,461.0461431,0.025,11958.61035,12132.66992,11958.61035,12112.30957,12112.30957,4401590000,4022.939941,4076.810059,4022.939941,4067.360107,4067.360107,3901940000
9/12/22,300.720001,305.48999,300.399994,304.420013,304.420013,48674600,0.65,16934000000,2351000000,0.271,0.1591,0.1417,117.0846204,468.3384815,0.025,12174.94043,12270.19043,12169.28027,12266.41016,12266.41016,4146680000,4083.669922,4119.279785,4083.669922,4110.410156,4110.410156,3814200000
9/13/22,292.899994,297.399994,290.399994,292.130005,292.130005,68229600,0.65,16934000000,2351000000,0.271,0.1591,0.1417,112.3576942,449.4307769,0.025,11908.80957,11957.96973,11604.42969,11633.57031,11633.57031,5188380000,4037.120117,4037.120117,3921.280029,3932.689941,3932.689941,4224550000
9/14/22,292.23999,306,291.640015,302.609985,302.609985,72628700,0.65,16934000000,2351000000,0.271,0.1591,0.1417,116.3884558,465.5538231,0.025,11680.41016,11746.83008,11602.75977,11719.67969,11719.67969,4861530000,3940.72998,3961.939941,3912.179932,3946.01001,3946.01001,4293240000
9/15/22,301.829987,309.119995,300.720001,303.75,303.75,64795500,0.65,16934000000,2351000000,0.271,0.1591,0.1417,116.8269231,467.3076923,0.025,11633.24023,11760.73047,11497.11035,11552.36035,11552.36035,4805910000,3932.409912,3959.139893,3888.280029,3901.350098,3901.350098,4441830000
9/16/22,299.609985,303.709991,295.600006,303.350006,303.350006,87087800,0.65,16934000000,2351000000,0.271,0.1591,0.1417,116.6730792,466.6923169,0.025,11401.20996,11460.42969,11316.91992,11448.40039,11448.40039,7451840000,3880.949951,3880.949951,3837.080078,3873.330078,3873.330078,7954650000
9/19/22,300.089996,309.839996,297.799988,309.070007,309.070007,60231200,0.65,16934000000,2351000000,0.271,0.1591,0.1417,118.8730796,475.4923185,0.025,11338.57031,11538.12988,11337.83008,11535.01953,11535.01953,4168670000,3849.909912,3900.449951,3838.5,3899.889893,3899.889893,3766850000
9/20/22,306.910004,313.329987,305.579987,308.730011,308.730011,61642800,0.65,16934000000,2351000000,0.271,0.1591,0.1417,118.7423119,474.9692477,0.025,11440.13965,11520.99023,11343.71973,11425.04981,11425.04981,4028100000,3875.22998,3876.01001,3827.540039,3855.929932,3855.929932,4058050000
9/21/22,308.290009,313.799988,300.630005,300.799988,300.799988,62555700,0.65,16934000000,2351000000,0.271,0.1591,0.1417,115.6923031,462.7692123,0.0325,11466.20996,11613.57031,11218.99023,11220.19043,11220.19043,4471000000,3871.399902,3907.070068,3789.48999,3789.929932,3789.929932,4078330000
9/22/22,299.859985,301.290009,285.820007,288.589996,288.589996,70545400,0.65,16934000000,2351000000,0.271,0.1591,0.1417,110.9961523,443.9846092,0.0325,11167.37988,11203.76953,11024.63965,11066.80957,11066.80957,4916470000,3782.360107,3790.899902,3749.449951,3757.98999,3757.98999,4284600000
9/23/22,283.089996,284.5,272.820007,275.329987,275.329987,63748400,0.65,16934000000,2351000000,0.271,0.1591,0.1417,105.8961488,423.5845954,0.0325,10952.69043,10958.29004,10732.71973,10867.92969,10867.92969,5134350000,3727.139893,3727.139893,3647.469971,3693.22998,3693.22998,5144270000
9/26/22,271.829987,284.089996,270.309998,276.01001,276.01001,58076900,0.65,16934000000,2351000000,0.271,0.1591,0.1417,106.1576962,424.6307846,0.0325,10833.37988,11024,10789.04981,10802.91992,10802.91992,4697730000,3682.719971,3715.669922,3644.76001,3655.040039,3655.040039,4886140000
9/27/22,283.839996,288.670013,277.51001,282.940002,282.940002,61925200,0.65,16934000000,2351000000,0.271,0.1591,0.1417,108.8230777,435.2923108,0.0325,10955.29004,11040.98047,10741.01953,10829.5,10829.5,4445050000,3686.439941,3717.530029,3623.290039,3647.290039,3647.290039,4577740000
9/28/22,283.079987,289,277.570007,287.809998,287.809998,54664800,0.65,16934000000,2351000000,0.271,0.1591,0.1417,110.6961531,442.7846123,0.0325,10817.51953,11101.5,10776.33984,11051.63965,11051.63965,4556100000,3651.939941,3736.73999,3640.610107,3719.040039,3719.040039,4684850000
9/29/22,282.76001,283.649994,265.779999,268.209991,268.209991,77620600,0.65,16934000000,2351000000,0.271,0.1591,0.1417,103.1576888,412.6307554,0.0325,10894.44043,10899.46973,10623.21973,10737.50977,10737.50977,4516630000,3687.01001,3687.01001,3610.399902,3640.469971,3640.469971,4681810000
9/30/22,266.149994,275.570007,262.470001,265.25,265.25,67726600,0.65,16934000000,2351000000,0.271,0.1591,0.1417,102.0192308,408.0769231,0.0325,10697.70996,10883.04004,10572.33008,10575.62012,10575.62012,4649710000,3633.47998,3671.439941,3584.129883,3585.620117,3585.620117,5645360000
10/3/22,254.5,255.160004,241.009995,242.399994,242.399994,98363500,0.65,16934000000,2351000000,0.271,0.1591,0.1417,93.23076692,372.9230677,0.0325,10659.00977,10875.45996,10577.88965,10815.42969,10815.42969,4415440000,3609.780029,3698.350098,3604.929932,3678.429932,3678.429932,4806680000
10/4/22,250.520004,257.5,242.009995,249.440002,249.440002,109578500,0.65,16934000000,2351000000,0.271,0.1591,0.1417,95.93846231,383.7538492,0.0325,11054.71973,11189.95996,11044.04004,11176.41016,11176.41016,5004780000,3726.459961,3791.919922,3726.459961,3790.929932,3790.929932,5146580000
10/5/22,245.009995,246.669998,233.270004,240.809998,240.809998,86982700,0.65,16934000000,2351000000,0.271,0.1591,0.1417,92.61923,370.47692,0.0325,11022.66992,11210.32031,10910.75977,11148.63965,11148.63965,4091860000,3753.25,3806.909912,3722.659912,3783.280029,3783.280029,4293180000
10/6/22,239.440002,244.580002,235.350006,238.130005,238.130005,69298400,0.65,16934000000,2351000000,0.271,0.1591,0.1417,91.58846346,366.3538538,0.0325,11129.04004,11230.44043,11051.26953,11073.30957,11073.30957,4423320000,3771.969971,3797.929932,3739.219971,3744.52002,3744.52002,4252100000
10/7/22,233.940002,234.570007,222.020004,223.070007,223.070007,83916800,0.65,16934000000,2351000000,0.271,0.1591,0.1417,85.79615654,343.1846262,0.0325,10877.28027,10891.92969,10608.51953,10652.40039,10652.40039,4634190000,3706.73999,3706.73999,3620.72998,3639.659912,3639.659912,4449660000
10/10/22,223.929993,226.990005,218.360001,222.960007,222.960007,67925000,0.65,16934000000,2351000000,0.271,0.1591,0.1417,85.75384885,343.0153954,0.0325,10659.9502,10669.92969,10449.04004,10542.09961,10542.09961,3989640000,3647.51001,3652.169922,3588.100098,3612.389893,3612.389893,3834320000
10/11/22,220.949997,225.75,215,216.5,216.5,77013200,0.65,16934000000,2351000000,0.271,0.1591,0.1417,83.26923077,333.0769231,0.0325,10484.37012,10608.83984,10351.98047,10426.19043,10426.19043,4738840000,3595.860107,3640.659912,3568.449951,3588.840088,3588.840088,4759030000
10/12/22,215.330002,219.300003,211.509995,217.240005,217.240005,66860700,0.65,16934000000,2351000000,0.271,0.1591,0.1417,83.55384808,334.2153923,0.0325,10437,10494.53027,10372.20996,10417.09961,10417.09961,4091030000,3590.830078,3608.340088,3573.860107,3577.030029,3577.030029,4006830000
10/13/22,208.300003,222.990005,206.220001,221.720001,221.720001,91483000,0.65,16934000000,2351000000,0.271,0.1591,0.1417,85.27692346,341.1076938,0.0325,10131.82031,10697.70996,10088.83008,10649.15039,10649.15039,5300080000,3520.370117,3685.409912,3491.580078,3669.909912,3669.909912,5021680000
10/14/22,224.009995,226.259995,204.160004,204.990005,204.990005,94124500,0.65,16934000000,2351000000,0.271,0.1591,0.1417,78.84230962,315.3692385,0.0325,10742.80957,10766.69043,10308.80957,10321.38965,10321.38965,4393000000,3690.409912,3712,3579.679932,3583.070068,3583.070068,4243030000
10/17/22,210.039993,221.860001,209.449997,219.350006,219.350006,79428800,0.65,16934000000,2351000000,0.271,0.1591,0.1417,84.36538692,337.4615477,0.0325,10575.65039,10696.58984,10569.69043,10675.79981,10675.79981,4439190000,3638.649902,3689.72998,3638.649902,3677.949951,3677.949951,4352780000
10/18/22,229.5,229.820007,217.25,220.190002,220.190002,75891900,0.65,16934000000,2351000000,0.271,0.1591,0.1417,84.68846231,338.7538492,0.0325,10963.99023,10972.96973,10670.12012,10772.40039,10772.40039,5047360000,3746.26001,3762.790039,3686.530029,3719.97998,3719.97998,4483740000
10/19/22,219.800003,222.929993,217.779999,222.039993,222.039993,66571500,0.95,21454000000,5100000000,0.2661,0.1652,0.1495,58.43157711,233.7263084,0.0325,10689.30957,10808.04004,10592.87988,10680.50977,10680.50977,4955090000,3703.110107,3728.580078,3666.51001,3695.159912,3695.159912,4223800000
10/20/22,208.279999,215.550003,202,207.279999,207.279999,117798100,0.95,21454000000,5100000000,0.2661,0.1652,0.1495,54.54736816,218.1894726,0.0325,10657.41016,10837.29981,10574.54981,10614.83984,10614.83984,4628010000,3689.050049,3736,3656.439941,3665.780029,3665.780029,4496620000
10/21/22,206.419998,214.660004,203.800003,214.440002,214.440002,75713800,0.95,21454000000,5100000000,0.2661,0.1652,0.1495,56.43157947,225.7263179,0.0325,10576.04004,10875.71973,10542.42969,10859.71973,10859.71973,4706440000,3657.100098,3757.889893,3647.419922,3752.75,3752.75,5078020000
10/24/22,205.820007,213.5,198.589996,211.25,211.25,100446800,0.95,21454000000,5100000000,0.2661,0.1652,0.1495,55.59210526,222.3684211,0.0325,10867.07031,10983.51953,10713.33008,10952.61035,10952.61035,4808710000,3762.01001,3810.73999,3741.649902,3797.340088,3797.340088,4747930000
10/25/22,210.100006,224.350006,210,222.419998,222.419998,96507900,0.95,21454000000,5100000000,0.2661,0.1652,0.1495,58.53157842,234.1263137,0.0325,10996.96973,11210.37988,10996.96973,11199.12012,11199.12012,5141760000,3799.439941,3862.850098,3799.439941,3859.110107,3859.110107,4843120000
10/26/22,219.399994,230.600006,218.199997,224.639999,224.639999,85012500,0.95,21454000000,5100000000,0.2661,0.1652,0.1495,59.11578921,236.4631568,0.0325,10969.01953,11205.83984,10948.37988,10970.99023,10970.99023,5224440000,3825.969971,3886.149902,3824.070068,3830.600098,3830.600098,4817310000
10/27/22,229.770004,233.809998,222.850006,225.089996,225.089996,61638800,0.95,21454000000,5100000000,0.2661,0.1652,0.1495,59.23420947,236.9368379,0.0325,10971.9502,10998.73047,10780.5,10792.66992,10792.66992,4773520000,3834.689941,3859.949951,3803.790039,3807.300049,3807.300049,4687320000
10/28/22,225.399994,228.860001,216.350006,228.520004,228.520004,69152400,0.95,21454000000,5100000000,0.2661,0.1652,0.1495,60.13684316,240.5473726,0.0325,10766.2002,11117.04004,10766.2002,11102.4502,11102.4502,4731940000,3808.26001,3905.419922,3808.26001,3901.060059,3901.060059,4459410000
10/31/22,226.190002,229.850006,221.940002,227.539993,227.539993,61554300,0.95,21454000000,5100000000,0.2661,0.1652,0.1495,59.87894553,239.5157821,0.0325,11028.42969,11047.94043,10914.00977,10988.15039,10988.15039,4753740000,3881.850098,3893.72998,3863.179932,3871.97998,3871.97998,4820620000
11/1/22,234.050003,237.399994,227.279999,227.820007,227.820007,62688800,0.95,21454000000,5100000000,0.2661,0.1652,0.1495,59.95263342,239.8105337,0.0325,11154.74023,11156.34961,10881.19043,10890.84961,10890.84961,4677520000,3901.790039,3911.790039,3843.800049,3856.100098,3856.100098,4481210000
11/2/22,226.039993,227.869995,214.820007,214.979996,214.979996,63070300,0.95,21454000000,5100000000,0.2661,0.1652,0.1495,56.57368316,226.2947326,0.04,10885.00977,10993.24023,10522.90039,10524.79981,10524.79981,5436420000,3852.899902,3894.439941,3758.679932,3759.689941,3759.689941,4899000000
11/3/22,211.360001,221.199997,210.139999,215.309998,215.309998,56538800,0.95,21454000000,5100000000,0.2661,0.1652,0.1495,56.66052579,226.6421032,0.04,10399.4502,10486.00977,10319.54004,10342.94043,10342.94043,5102190000,3733.25,3750.590088,3698.149902,3719.889893,3719.889893,4625290000
11/4/22,222.600006,223.800003,203.080002,207.470001,207.470001,98622200,0.95,21454000000,5100000000,0.2661,0.1652,0.1495,54.59736868,218.3894747,0.04,10548.13965,10553.62988,10262.92969,10475.25,10475.25,5453750000,3766.97998,3796.340088,3708.840088,3770.550049,3770.550049,5400180000
11/7/22,208.649994,208.899994,196.660004,197.080002,197.080002,93916500,0.95,21454000000,5100000000,0.2661,0.1652,0.1495,51.86315842,207.4526337,0.04,10516.94043,10587.95996,10428.91016,10564.51953,10564.51953,4456690000,3780.709961,3813.949951,3764.699951,3806.800049,3806.800049,4341620000
11/8/22,194.020004,195.199997,186.75,191.300003,191.300003,128803400,0.95,21454000000,5100000000,0.2661,0.1652,0.1495,50.34210605,201.3684242,0.04,10611.53027,10745.63965,10472.73047,10616.2002,10616.2002,5134500000,3817.02002,3859.399902,3786.280029,3828.110107,3828.110107,4607640000
11/9/22,190.779999,195.889999,177.119995,177.589996,177.589996,127062700,0.95,21454000000,5100000000,0.2661,0.1652,0.1495,46.73420947,186.9368379,0.04,10528.4502,10564.96973,10344.00977,10353.16992,10353.16992,4977460000,3810.939941,3818.199951,3744.219971,3748.570068,3748.570068,4645010000
11/10/22,189.899994,191,180.029999,190.720001,190.720001,132703000,0.95,21454000000,5100000000,0.2661,0.1652,0.1495,50.18947395,200.7578958,0.04,10869.16992,11119.12012,10779.9502,11114.15039,11114.15039,6433000000,3859.889893,3958.330078,3859.889893,3956.370117,3956.370117,5781260000
11/11/22,186,196.520004,182.589996,195.970001,195.970001,114403600,0.95,21454000000,5100000000,0.2661,0.1652,0.1495,51.57105289,206.2842116,0.04,11124.75,11352.42969,11069.83008,11323.33008,11323.33008,5867750000,3963.719971,4001.47998,3944.820068,3992.929932,3992.929932,5593310000
11/14/22,192.770004,195.729996,186.339996,190.949997,190.949997,92226600,0.95,21454000000,5100000000,0.2661,0.1652,0.1495,50.24999921,200.9999968,0.04,11233.90039,11350.12012,11167.16992,11196.21973,11196.21973,5004060000,3977.969971,4008.969971,3956.399902,3957.25,3957.25,4561930000
11/15/22,195.880005,200.820007,192.059998,194.419998,194.419998,91293800,0.95,21454000000,5100000000,0.2661,0.1652,0.1495,51.16315737,204.6526295,0.04,11474.82031,11492.62012,11241.15039,11358.41016,11358.41016,5617310000,4006.409912,4028.840088,3953.169922,3991.72998,3991.72998,5015310000
11/16/22,191.509995,192.570007,185.660004,186.919998,186.919998,66567600,0.95,21454000000,5100000000,0.2661,0.1652,0.1495,49.18947316,196.7578926,0.04,11260.09961,11286.09961,11162.91992,11183.66016,11183.66016,4585190000,3976.820068,3983.090088,3954.340088,3958.790039,3958.790039,4165320000
11/17/22,183.960007,186.160004,180.899994,183.169998,183.169998,64336000,0.95,21454000000,5100000000,0.2661,0.1652,0.1495,48.20263105,192.8105242,0.04,11008.66992,11198.83984,11006.20996,11144.95996,11144.95996,4354360000,3919.26001,3954.330078,3906.540039,3946.560059,3946.560059,4051780000
11/18/22,185.050003,185.190002,176.550003,180.190002,180.190002,76048900,0.95,21454000000,5100000000,0.2661,0.1652,0.1495,47.41842158,189.6736863,0.04,11257.00977,11259.44043,11059.16016,11146.05957,11146.05957,4175420000,3966.389893,3979.889893,3935.97998,3965.340088,3965.340088,4037360000
11/21/22,175.850006,176.770004,167.539993,167.869995,167.869995,92882700,0.95,21454000000,5100000000,0.2661,0.1652,0.1495,44.17631447,176.7052579,0.04,11091.00977,11128.78027,10999.75,11024.50977,11024.50977,3977130000,3956.22998,3962,3933.340088,3949.939941,3949.939941,3850690000
11/22/22,168.630005,170.919998,166.190002,169.910004,169.910004,78452300,0.95,21454000000,5100000000,0.2661,0.1652,0.1495,44.71315895,178.8526358,0.04,11058.55957,11179.87012,10975.66016,11174.41016,11174.41016,4186360000,3965.51001,4005.879883,3956.879883,4003.580078,4003.580078,3887990000
11/23/22,173.570007,183.619995,172.5,183.199997,183.199997,109536700,0.95,21454000000,5100000000,0.2661,0.1652,0.1495,48.21052553,192.8421021,0.04,11174.61035,11310.82031,11174.61035,11285.32031,11285.32031,4431530000,4000.300049,4033.780029,3998.659912,4027.26001,4027.26001,3279720000
11/25/22,185.059998,185.199997,180.630005,182.860001,182.860001,50672700,0.95,21454000000,5100000000,0.2661,0.1652,0.1495,48.12105289,192.4842116,0.04,11231,11261.57031,11206.37988,11226.36035,11226.36035,2184080000,4023.340088,4034.02002,4020.76001,4026.120117,4026.120117,1706460000
11/28/22,179.960007,188.5,179,182.919998,182.919998,92905200,0.95,21454000000,5100000000,0.2661,0.1652,0.1495,48.13684158,192.5473663,0.04,11147.57031,11217.75,11020.69043,11049.5,11049.5,4271360000,4005.360107,4012.27002,3955.77002,3963.939941,3963.939941,3615430000
11/29/22,184.990005,186.380005,178.75,180.830002,180.830002,83357100,0.95,21454000000,5100000000,0.2661,0.1652,0.1495,47.58684263,190.3473705,0.04,11060.01953,11086.01953,10944.37012,10983.78027,10983.78027,4592830000,3964.189941,3976.77002,3937.649902,3957.629883,3957.629883,3546040000
11/30/22,182.429993,194.759995,180.630005,194.699997,194.699997,109186400,0.95,21454000000,5100000000,0.2661,0.1652,0.1495,51.23684132,204.9473653,0.04,10995.2002,11468.46973,10966.53027,11468,11468,6653460000,3957.179932,4080.110107,3938.580078,4080.110107,4080.110107,6579360000
12/1/22,197.080002,198.919998,191.800003,194.699997,194.699997,80046200,0.95,21454000000,5100000000,0.2661,0.1652,0.1495,51.23684132,204.9473653,0.04,11475.16992,11546.76953,11378.75,11482.4502,11482.4502,5158120000,4087.139893,4100.509766,4050.870117,4076.570068,4076.570068,4527130000
12/2/22,191.779999,196.25,191.110001,194.860001,194.860001,73645900,0.95,21454000000,5100000000,0.2661,0.1652,0.1495,51.27894763,205.1157905,0.04,11308.37988,11492.32031,11296.71973,11461.5,11461.5,4523010000,4040.169922,4080.47998,4026.629883,4071.699951,4071.699951,4012620000
12/5/22,189.440002,191.270004,180.550003,182.449997,182.449997,93122700,0.95,21454000000,5100000000,0.2661,0.1652,0.1495,48.01315711,192.0526284,0.04,11380.99023,11425.50977,11193.01953,11239.94043,11239.94043,4510030000,4052.02002,4052.449951,3984.48999,3998.840088,3998.840088,4280820000
12/6/22,181.220001,183.649994,175.330002,179.820007,179.820007,92150800,0.95,21454000000,5100000000,0.2661,0.1652,0.1495,47.32105447,189.2842179,0.04,11228.41992,11241.41992,10956.2002,11014.88965,11014.88965,4713330000,3996.629883,4001.51001,3918.389893,3941.26001,3941.26001,4368380000
12/7/22,175.029999,179.380005,172.220001,174.039993,174.039993,84213300,0.95,21454000000,5100000000,0.2661,0.1652,0.1495,45.79999816,183.1999926,0.04,10963.9502,11039.80957,10910.62012,10958.54981,10958.54981,4343860000,3933.280029,3957.570068,3922.679932,3933.919922,3933.919922,4118050000
12/8/22,172.199997,175.199997,169.059998,173.440002,173.440002,97624500,0.95,21454000000,5100000000,0.2661,0.1652,0.1495,45.64210579,182.5684232,0.04,11011.33008,11119.16016,10939.46973,11082,11082,4281800000,3947.790039,3974.189941,3935.830078,3963.51001,3963.51001,4006900000
12/9/22,173.839996,182.5,173.360001,179.050003,179.050003,104872300,0.95,21454000000,5100000000,0.2661,0.1652,0.1495,47.11842184,188.4736874,0.04,11038.16992,11138.7002,10999.25977,11004.62012,11004.62012,4337440000,3954.169922,3977.02002,3933.040039,3934.379883,3934.379883,3888260000
12/12/22,176.100006,177.369995,167.520004,167.820007,167.820007,109794500,0.95,21454000000,5100000000,0.2661,0.1652,0.1495,44.16315974,176.6526389,0.04,11015.48047,11144.66992,10984.82031,11143.74023,11143.74023,4829990000,3939.290039,3990.709961,3935.300049,3990.560059,3990.560059,3904130000
12/13/22,174.869995,175.050003,156.910004,160.949997,160.949997,175862700,0.95,21454000000,5100000000,0.2661,0.1652,0.1495,42.35526237,169.4210495,0.04,11542.83984,11571.63965,11160.54004,11256.80957,11256.80957,6126890000,4069.379883,4100.959961,3993.030029,4019.649902,4019.649902,5079360000
12/14/22,159.25,161.619995,155.309998,156.800003,156.800003,140682300,0.95,21454000000,5100000000,0.2661,0.1652,0.1495,41.26315868,165.0526347,0.045,11248.08984,11352.08984,11065.24023,11170.88965,11170.88965,5485150000,4015.540039,4053.76001,3965.649902,3995.320068,3995.320068,4472340000
12/15/22,153.440002,160.929993,153.279999,157.669998,157.669998,122334500,0.95,21454000000,5100000000,0.2661,0.1652,0.1495,41.49210474,165.9684189,0.045,11012.62012,11029.57031,10775.61035,10810.53027,10810.53027,5536070000,3958.370117,3958.370117,3879.449951,3895.75,3895.75,4493900000
12/16/22,159.639999,160.990005,150.039993,150.229996,150.229996,139032200,0.95,21454000000,5100000000,0.2661,0.1652,0.1495,39.53420947,158.1368379,0.045,10767.62988,10833.24023,10642.09961,10705.41016,10705.41016,7968170000,3890.909912,3890.909912,3827.909912,3852.360107,3852.360107,7493660000
12/19/22,154,155.25,145.820007,149.869995,149.869995,139390600,0.95,21454000000,5100000000,0.2661,0.1652,0.1495,39.43947237,157.7578895,0.045,10707.44043,10713.96973,10497.54981,10546.03027,10546.03027,4631820000,3853.790039,3854.860107,3800.040039,3817.659912,3817.659912,3969610000
12/20/22,146.050003,148.470001,137.660004,137.800003,137.800003,159563300,0.95,21454000000,5100000000,0.2661,0.1652,0.1495,36.26315868,145.0526347,0.045,10490.88965,10609.45996,10446.82031,10547.11035,10547.11035,4707190000,3810.469971,3838.23999,3795.620117,3821.620117,3821.620117,3985370000
12/21/22,139.339996,141.259995,135.889999,137.570007,137.570007,145417400,0.95,21454000000,5100000000,0.2661,0.1652,0.1495,36.20263342,144.8105337,0.045,10592,10753.57031,10569.2002,10709.37012,10709.37012,4401420000,3839.48999,3889.820068,3839.48999,3878.439941,3878.439941,3775200000
12/22/22,136,136.630005,122.260002,125.349998,125.349998,210090300,0.95,21454000000,5100000000,0.2661,0.1652,0.1495,32.98684158,131.9473663,0.045,10586.45996,10599.33984,10313.32031,10476.12012,10476.12012,5125070000,3853.26001,3853.26001,3764.48999,3822.389893,3822.389893,3956950000
12/23/22,126.370003,128.619995,121.019997,123.150002,123.150002,166989700,0.95,21454000000,5100000000,0.2661,0.1652,0.1495,32.40789526,129.6315811,0.045,10437.75,10514.75977,10361.82031,10497.86035,10497.86035,3544680000,3815.110107,3845.800049,3797.01001,3844.820068,3844.820068,2819280000
12/27/22,117.5,119.669998,108.760002,109.099998,109.099998,208643400,0.95,21454000000,5100000000,0.2661,0.1652,0.1495,28.71052579,114.8421032,0.045,10462.19043,10472.32031,10340.73047,10353.23047,10353.23047,3827290000,3843.340088,3846.649902,3813.219971,3829.25,3829.25,3030300000
12/28/22,110.349998,116.269997,108.239998,112.709999,112.709999,221070500,0.95,21454000000,5100000000,0.2661,0.1652,0.1495,29.66052605,118.6421042,0.045,10339.2002,10414.82031,10207.46973,10213.29004,10213.29004,3842970000,3829.560059,3848.320068,3780.780029,3783.219971,3783.219971,3083520000
12/29/22,120.389999,123.57,117.5,121.82,121.82,221923300,0.95,21454000000,5100000000,0.2661,0.1652,0.1495,32.05789474,128.2315789,0.045,10321.45996,10502.08008,10301.05957,10478.08984,10478.08984,4154100000,3805.449951,3858.189941,3805.449951,3849.280029,3849.280029,3003680000
12/30/22,119.949997,124.480003,119.75,123.18,123.18,157777300,0.95,21454000000,5100000000,0.2661,0.1652,0.1495,32.41578947,129.6631579,0.045,10368.37012,10468.30957,10324.7002,10466.48047,10466.48047,3959030000,3829.060059,3839.850098,3800.340088,3839.5,3839.5,2979870000
1/3/23,118.470001,118.800003,104.639999,108.099998,108.099998,231402800,0.95,21454000000,5100000000,0.2661,0.1652,0.1495,28.44736789,113.7894716,0.045,10562.05957,10613.05957,10309.16016,10386.98047,10386.98047,4780650000,3853.290039,3878.459961,3794.330078,3824.139893,3824.139893,3959140000
1/4/23,109.110001,114.589996,107.519997,113.639999,113.639999,180389000,0.95,21454000000,5100000000,0.2661,0.1652,0.1495,29.90526289,119.6210516,0.045,10467.82031,10515.21973,10337.63965,10458.75977,10458.75977,5085380000,3840.360107,3873.159912,3815.77002,3852.969971,3852.969971,4414080000
1/5/23,110.510002,111.75,107.160004,110.339996,110.339996,157986300,0.95,21454000000,5100000000,0.2661,0.1652,0.1495,29.03684105,116.1473642,0.045,10390.30957,10393.21973,10295.25,10305.24023,10305.24023,4764270000,3839.73999,3839.73999,3802.419922,3808.100098,3808.100098,3893450000
1/6/23,103,114.389999,101.809998,113.059998,113.059998,220911100,0.95,21454000000,5100000000,0.2661,0.1652,0.1495,29.75263105,119.0105242,0.045,10363.95996,10604.13965,10265.04004,10569.29004,10569.29004,5199780000,3823.370117,3906.189941,3809.560059,3895.080078,3895.080078,3923560000
1/9/23,118.959999,123.519997,117.110001,119.769997,119.769997,190284000,0.95,21454000000,5100000000,0.2661,0.1652,0.1495,31.51842026,126.0736811,0.045,10662.09961,10807.25977,10619.12012,10635.65039,10635.65039,5132190000,3910.820068,3950.570068,3890.419922,3892.090088,3892.090088,4311770000
1/10/23,121.07,122.760002,114.919998,118.849998,118.849998,167642500,0.95,21454000000,5100000000,0.2661,0.1652,0.1495,31.27631526,125.1052611,0.045,10607.71973,10743.66992,10589.58984,10742.62988,10742.62988,4710680000,3888.570068,3919.830078,3877.290039,3919.25,3919.25,3851030000
1/11/23,122.089996,125.949997,120.510002,123.220001,123.220001,183810800,0.95,21454000000,5100000000,0.2661,0.1652,0.1495,32.42631605,129.7052642,0.045,10794.99023,10932.44043,10762.73047,10931.66992,10931.66992,5284390000,3932.350098,3970.070068,3928.540039,3969.610107,3969.610107,4303360000
1/12/23,122.559998,124.129997,117,123.559998,123.559998,169400900,0.95,21454000000,5100000000,0.2661,0.1652,0.1495,32.51578895,130.0631558,0.045,10969.25977,11027.75,10797.12012,11001.09961,11001.09961,5681240000,3977.570068,3997.76001,3937.560059,3983.169922,3983.169922,4440260000
1/13/23,116.550003,122.629997,115.599998,122.400002,122.400002,180714100,0.95,21454000000,5100000000,0.2661,0.1652,0.1495,32.21052684,128.8421074,0.045,10906.37012,11084.00977,10900.16016,11079.16016,11079.16016,5077990000,3960.600098,4003.949951,3947.669922,3999.090088,3999.090088,3939700000
1/17/23,125.699997,131.699997,125.019997,131.490005,131.490005,186477000,0.95,21454000000,5100000000,0.2661,0.1652,0.1495,34.60263289,138.4105316,0.045,11070,11145.44043,11024.71973,11095.11035,11095.11035,5138410000,3999.280029,4015.389893,3984.570068,3990.969971,3990.969971,4235560000
1/18/23,136.559998,136.679993,127.010002,128.779999,128.779999,195680300,0.95,21454000000,5100000000,0.2661,0.1652,0.1495,33.88947342,135.5578937,0.045,11170.9502,11223.41016,10952.04981,10957.00977,10957.00977,5288630000,4002.25,4014.159912,3926.590088,3928.860107,3928.860107,4298710000
1/19/23,127.260002,129.990005,124.309998,127.169998,127.169998,170291900,0.95,21454000000,5100000000,0.2661,0.1652,0.1495,33.46578895,133.8631558,0.045,10890.40039,10932.51953,10804.57031,10852.26953,10852.26953,4660800000,3911.840088,3922.939941,3885.540039,3898.850098,3898.850098,3991500000
1/20/23,128.679993,133.509995,127.349998,133.419998,133.419998,138858100,0.95,21454000000,5100000000,0.2661,0.1652,0.1495,35.11052579,140.4421032,0.045,10924.66016,11143.16992,10885.65039,11140.42969,11140.42969,5980110000,3909.040039,3972.959961,3897.860107,3972.610107,3972.610107,4013360000
1/23/23,135.869995,145.380005,134.270004,143.75,143.75,203119200,0.95,21454000000,5100000000,0.2661,0.1652,0.1495,37.82894737,151.3157895,0.045,11171.94043,11405.5,11144.03027,11364.41016,11364.41016,5997810000,3978.139893,4039.310059,3971.639893,4019.810059,4019.810059,3945210000
1/24/23,143,146.5,141.100006,143.889999,143.889999,158699100,0.95,21454000000,5100000000,0.2661,0.1652,0.1495,37.86578921,151.4631568,0.045,11302.92969,11378.15039,11282.65039,11334.26953,11334.26953,5670860000,4001.73999,4023.919922,3989.790039,4016.949951,4016.949951,3320430000
1/25/23,141.910004,146.410004,138.070007,144.429993,144.429993,192734300,1.07,24318000000,3278000000,0.256,0.1676,0.1545,33.74532547,134.9813019,0.045,11146.53027,11334.21973,11069.17969,11313.36035,11313.36035,5485570000,3982.709961,4019.550049,3949.060059,4016.219971,4016.219971,3724020000
1/26/23,159.970001,161.419998,154.759995,160.270004,160.270004,234815100,1.07,24318000000,3278000000,0.256,0.1676,0.1545,37.44626262,149.7850505,0.045,11458.40039,11516.04981,11341.19043,11512.41016,11512.41016,5732890000,4036.080078,4061.570068,4013.290039,4060.429932,4060.429932,3809590000
1/27/23,162.429993,180.679993,161.169998,177.899994,177.899994,306590600,1.07,24318000000,3278000000,0.256,0.1676,0.1545,41.56541916,166.2616766,0.045,11470.46973,11691.88965,11470.26953,11621.70996,11621.70996,6243800000,4053.719971,4094.209961,4048.699951,4070.560059,4070.560059,3907760000
1/30/23,178.050003,179.770004,166.5,166.660004,166.660004,230878800,1.07,24318000000,3278000000,0.256,0.1676,0.1545,38.93925327,155.7570131,0.045,11512.33984,11553.30957,11388.54004,11393.80957,11393.80957,5122320000,4049.27002,4063.850098,4015.550049,4017.77002,4017.77002,3802000000
1/31/23,164.570007,174.300003,162.779999,173.220001,173.220001,196813500,1.07,24318000000,3278000000,0.256,0.1676,0.1545,40.47196285,161.8878514,0.045,11398.58008,11586.00977,11398.37012,11584.54981,11584.54981,5695150000,4020.850098,4077.159912,4020.439941,4076.600098,4076.600098,4679320000
2/1/23,173.889999,183.809998,169.929993,181.410004,181.410004,213806300,1.07,24318000000,3278000000,0.256,0.1676,0.1545,42.38551495,169.5420598,0.0475,11573.13965,11904.01953,11500.33008,11816.32031,11816.32031,6336040000,4070.070068,4148.950195,4037.199951,4119.209961,4119.209961,4856930000
2/2/23,187.330002,196.75,182.610001,188.270004,188.270004,217448300,1.07,24318000000,3278000000,0.256,0.1676,0.1545,43.98831869,175.9532748,0.0475,12065.15039,12269.54981,12024.13965,12200.82031,12200.82031,7038210000,4158.680176,4195.439941,4141.879883,4179.759766,4179.759766,5624360000
2/3/23,183.949997,199,183.690002,189.979996,189.979996,232662000,1.07,24318000000,3278000000,0.256,0.1676,0.1545,44.38784953,177.5513981,0.0475,11946.86035,12231.30957,11946.86035,12006.9502,12006.9502,5954490000,4136.689941,4182.359863,4123.359863,4136.47998,4136.47998,4694510000
2/6/23,193.009995,198.169998,189.919998,194.759995,194.759995,186188100,1.07,24318000000,3278000000,0.256,0.1676,0.1545,45.50467173,182.0186869,0.0475,11904.41016,11973.41016,11843.49023,11887.4502,11887.4502,5538350000,4119.569824,4124.629883,4093.379883,4111.080078,4111.080078,4114240000
2/7/23,196.429993,197.5,189.550003,196.809998,196.809998,186010300,1.07,24318000000,3278000000,0.256,0.1676,0.1545,45.98364439,183.9345776,0.0475,11891.25,12150.21973,11836.78027,12113.79004,12113.79004,5720240000,4105.350098,4176.540039,4088.389893,4164,4164,4355860000
2/8/23,196.100006,203,194.309998,201.289993,201.289993,180673600,1.07,24318000000,3278000000,0.256,0.1676,0.1545,47.0303722,188.1214888,0.0475,12069.12012,12096.38965,11890.08984,11910.51953,11910.51953,5052870000,4153.470215,4156.850098,4111.669922,4117.859863,4117.859863,4029820000
2/9/23,207.779999,214,204.770004,207.320007,207.320007,215431400,1.07,24318000000,3278000000,0.256,0.1676,0.1545,48.43925397,193.7570159,0.0475,12069.09961,12070.95996,11745.11035,11789.58008,11789.58008,5536290000,4144.25,4156.22998,4069.669922,4081.5,4081.5,4270200000
2/10/23,202.229996,206.199997,192.889999,196.889999,196.889999,204754100,1.07,24318000000,3278000000,0.256,0.1676,0.1545,46.00233621,184.0093449,0.0475,11714.59961,11775.79981,11630.54004,11718.12012,11718.12012,4885030000,4068.919922,4094.360107,4060.790039,4090.459961,4090.459961,3891520000
2/13/23,194.419998,196.300003,187.610001,194.639999,194.639999,172475500,1.07,24318000000,3278000000,0.256,0.1676,0.1545,45.47663528,181.9065411,0.0475,11759.08984,11910.91992,11719.73047,11891.79004,11891.79004,4752880000,4096.620117,4138.899902,4092.669922,4137.290039,4137.290039,3448620000
2/14/23,191.940002,209.820007,189.440002,209.25,209.25,216455700,1.07,24318000000,3278000000,0.256,0.1676,0.1545,48.89018692,195.5607477,0.0475,11808.2002,11999.84961,11760.55957,11960.15039,11960.15039,5032430000,4126.700195,4159.77002,4095.01001,4136.129883,4136.129883,3929200000
2/15/23,211.759995,214.660004,206.110001,214.240005,214.240005,181006400,1.07,24318000000,3278000000,0.256,0.1676,0.1545,50.05607593,200.2243037,0.0475,11905.12012,12071.29004,11876.82031,12070.58984,12070.58984,5056640000,4119.5,4148.109863,4103.97998,4147.600098,4147.600098,4075980000
2/16/23,210.779999,217.649994,201.839996,202.039993,202.039993,229586500,1.07,24318000000,3278000000,0.256,0.1676,0.1545,47.20560584,188.8224234,0.0475,11896.30957,12040.33984,11853.36035,11855.83008,11855.83008,5159410000,4114.75,4136.540039,4089.48999,4090.409912,4090.409912,4143660000
2/17/23,199.990005,208.440002,197.5,208.309998,208.309998,213738500,1.07,24318000000,3278000000,0.256,0.1676,0.1545,48.67056028,194.6822411,0.0475,11777.5,11803.21973,11673.20996,11787.26953,11787.26953,4925230000,4077.389893,4081.51001,4047.949951,4079.090088,4079.090088,4045480000
2/21/23,204.990005,209.710007,197.220001,197.369995,197.369995,180018600,1.07,24318000000,3278000000,0.256,0.1676,0.1545,46.11448481,184.4579393,0.0475,11640.37012,11684.13965,11491.17969,11492.29981,11492.29981,5002540000,4052.350098,4052.350098,3995.189941,3997.340088,3997.340088,4121590000
2/22/23,197.929993,201.990005,191.779999,200.860001,200.860001,191828500,1.07,24318000000,3278000000,0.256,0.1676,0.1545,46.92990678,187.7196271,0.0475,11517.2002,11582.51953,11445.16992,11507.07031,11507.07031,4671270000,4001.830078,4017.370117,3976.899902,3991.050049,3991.050049,4079320000
2/23/23,203.910004,205.139999,196.330002,202.070007,202.070007,146360000,1.07,24318000000,3278000000,0.256,0.1676,0.1545,47.21261846,188.8504738,0.0475,11636.92969,11638.98047,11432.58008,11590.40039,11590.40039,4714580000,4018.600098,4028.300049,3969.189941,4012.320068,4012.320068,3952940000
2/24/23,196.330002,197.669998,192.800003,196.880005,196.880005,142228100,1.07,24318000000,3278000000,0.256,0.1676,0.1545,46.00000117,184.0000047,0.0475,11404.17969,11434.36035,11334.46973,11394.94043,11394.94043,4432650000,3973.23999,3978.25,3943.080078,3970.040039,3970.040039,3877700000
2/27/23,202.029999,209.419998,201.259995,207.630005,207.630005,161028300,1.07,24318000000,3278000000,0.256,0.1676,0.1545,48.51168341,194.0467336,0.0475,11517.19043,11565.23047,11444.59961,11466.98047,11466.98047,4494000000,3992.360107,4018.050049,3973.550049,3982.23999,3982.23999,3836950000
2/28/23,210.589996,211.229996,203.75,205.710007,205.710007,153144900,1.07,24318000000,3278000000,0.256,0.1676,0.1545,48.06308575,192.252343,0.0475,11451.04981,11548.23047,11435.38965,11455.54004,11455.54004,5340950000,3977.189941,3997.5,3968.97998,3970.149902,3970.149902,5043400000
3/1/23,206.210007,207.199997,198.520004,202.770004,202.770004,156852800,1.07,24318000000,3278000000,0.256,0.1676,0.1545,47.37616916,189.5046766,0.0475,11447.58008,11479,11349.87012,11379.48047,11379.48047,4927530000,3963.340088,3971.72998,3939.050049,3951.389893,3951.389893,4249480000
3/2/23,186.740005,193.75,186.009995,190.899994,190.899994,181500700,1.07,24318000000,3278000000,0.256,0.1676,0.1545,44.60280234,178.4112093,0.0475,11273.76953,11487.58984,11273.61035,11462.98047,11462.98047,5313760000,3938.679932,3990.840088,3928.159912,3981.350098,3981.350098,4244900000
3/3/23,194.800003,200.479996,192.880005,197.789993,197.789993,154193300,1.07,24318000000,3278000000,0.256,0.1676,0.1545,46.21261519,184.8504607,0.0475,11524.65039,11699.62988,11514.74023,11689.00977,11689.00977,5102210000,3998.02002,4048.290039,3995.169922,4045.639893,4045.639893,4084730000
3/6/23,198.539993,198.600006,192.300003,193.809998,193.809998,128100100,1.07,24318000000,3278000000,0.256,0.1676,0.1545,45.28270981,181.1308393,0.0475,11736.87012,11827.91992,11667.48047,11675.74023,11675.74023,4982880000,4055.149902,4078.48999,4044.610107,4048.419922,4048.419922,4000870000
3/7/23,191.380005,194.199997,186.100006,187.710007,187.710007,148125800,1.07,24318000000,3278000000,0.256,0.1676,0.1545,43.85747827,175.4299131,0.0475,11670.98047,11705.95996,11512.03027,11530.33008,11530.33008,5422820000,4048.26001,4050,3980.310059,3986.370117,3986.370117,3922500000
3/8/23,185.039993,186.5,180,182,182,151897800,1.07,24318000000,3278000000,0.256,0.1676,0.1545,42.52336449,170.0934579,0.0475,11553.08984,11601.23047,11487.75,11576,11576,5085970000,3987.550049,4000.409912,3969.76001,3992.01001,3992.01001,3535570000
3/9/23,180.25,185.179993,172.509995,172.919998,172.919998,170023800,1.07,24318000000,3278000000,0.256,0.1676,0.1545,40.40186869,161.6074748,0.0475,11578.30957,11667.12012,11319.98047,11338.34961,11338.34961,5061790000,3998.659912,4017.810059,3908.699951,3918.320068,3918.320068,4445260000
3/10/23,175.130005,178.289993,168.440002,173.440002,173.440002,191488900,1.07,24318000000,3278000000,0.256,0.1676,0.1545,40.52336495,162.0934598,0.0475,11325.36035,11373.80957,11093.86035,11138.88965,11138.88965,6193500000,3912.77002,3934.050049,3846.320068,3861.590088,3861.590088,5518190000
3/13/23,167.460007,177.350006,163.910004,174.479996,174.479996,167790300,1.07,24318000000,3278000000,0.256,0.1676,0.1545,40.76635421,163.0654168,0.0475,11041.45996,11326.73047,10982.79981,11188.83984,11188.83984,6201490000,3835.120117,3905.050049,3808.860107,3855.76001,3855.76001,6558020000
3/14/23,177.309998,183.800003,177.139999,183.259995,183.259995,143717900,1.07,24318000000,3278000000,0.256,0.1676,0.1545,42.81775584,171.2710234,0.0475,11357.73047,11467.01953,11284.92969,11428.15039,11428.15039,5533120000,3894.01001,3937.290039,3873.629883,3919.290039,3919.290039,5665870000
3/15/23,180.800003,182.339996,176.029999,180.449997,180.449997,145995600,1.07,24318000000,3278000000,0.256,0.1676,0.1545,42.16121425,168.644857,0.0475,11291.16992,11447.90039,11238.44043,11434.04981,11434.04981,5912430000,3876.73999,3894.26001,3838.23999,3891.929932,3891.929932,6594010000
3/16/23,180.369995,185.809998,178.839996,184.130005,184.130005,121136800,1.07,24318000000,3278000000,0.256,0.1676,0.1545,43.02102921,172.0841168,0.0475,11384.87012,11733.79981,11365.49023,11717.28027,11717.28027,5498920000,3878.929932,3964.459961,3864.110107,3960.280029,3960.280029,5695790000
3/17/23,184.520004,186.220001,177.330002,180.130005,180.130005,133197100,1.07,24318000000,3278000000,0.256,0.1676,0.1545,42.08644977,168.3457991,0.0475,11696.33984,11773.11035,11562.62988,11630.50977,11630.50977,7903090000,3958.689941,3958.909912,3901.27002,3916.639893,3916.639893,9354280000
3/20/23,178.080002,186.440002,176.350006,183.25,183.25,129684400,1.07,24318000000,3278000000,0.256,0.1676,0.1545,42.81542056,171.2616822,0.0475,11614.38965,11695.54981,11550.69043,11675.54004,11675.54004,4970630000,3917.469971,3956.620117,3916.889893,3951.570068,3951.570068,5347140000
3/21/23,188.279999,198,188.039993,197.580002,197.580002,153391400,1.07,24318000000,3278000000,0.256,0.1676,0.1545,46.16355187,184.6542075,0.0475,11764.79004,11879.16016,11724.91016,11860.11035,11860.11035,4829870000,3975.889893,4009.080078,3971.189941,4002.870117,4002.870117,4920240000
3/22/23,199.300003,200.660004,190.949997,191.149994,191.149994,150376400,1.07,24318000000,3278000000,0.256,0.1676,0.1545,44.66121355,178.6448542,0.05,11857.5,12013.99023,11666.84961,11669.95996,11669.95996,4981590000,4002.040039,4039.48999,3936.169922,3936.969971,3936.969971,4533010000
3/23/23,195.259995,199.309998,188.649994,192.220001,192.220001,144193900,1.07,24318000000,3278000000,0.256,0.1676,0.1545,44.91121519,179.6448607,0.05,11811.32031,11962.69043,11684.51953,11787.40039,11787.40039,4917460000,3959.209961,4007.659912,3919.050049,3948.719971,3948.719971,4991600000
3/24/23,191.649994,192.360001,187.149994,190.410004,190.410004,116312400,1.07,24318000000,3278000000,0.256,0.1676,0.1545,44.48831869,177.9532748,0.05,11747.62012,11826.23047,11670.66992,11823.95996,11823.95996,4363650000,3939.209961,3972.73999,3909.159912,3970.98999,3970.98999,4583970000
3/27/23,194.419998,197.389999,189.940002,191.809998,191.809998,120851600,1.07,24318000000,3278000000,0.256,0.1676,0.1545,44.81542009,179.2616804,0.05,11868.54004,11903.20996,11739.04981,11768.83984,11768.83984,4330320000,3982.929932,4003.830078,3970.48999,3977.530029,3977.530029,4233540000
3/28/23,192,192.350006,185.429993,189.190002,189.190002,98654600,1.07,24318000000,3278000000,0.256,0.1676,0.1545,44.2032715,176.813086,0.05,11752.75977,11752.75977,11635.03027,11716.08008,11716.08008,4036910000,3974.129883,3979.199951,3951.530029,3971.27002,3971.27002,4014600000
3/29/23,193.130005,195.289993,189.440002,193.880005,193.880005,123660000,1.07,24318000000,3278000000,0.256,0.1676,0.1545,45.29906659,181.1962664,0.05,11855.58984,11941.59961,11823.34961,11926.24023,11926.24023,4493540000,3999.530029,4030.590088,3999.530029,4027.810059,4027.810059,4145250000
3/30/23,195.580002,197.330002,194.419998,195.279999,195.279999,110252200,1.07,24318000000,3278000000,0.256,0.1676,0.1545,45.62616799,182.504672,0.05,12010.4502,12044.79004,11953.37012,12013.46973,12013.46973,4738880000,4046.73999,4057.850098,4032.100098,4050.830078,4050.830078,3930860000
3/31/23,197.529999,207.789993,197.199997,207.460007,207.460007,170222100,1.07,24318000000,3278000000,0.256,0.1676,0.1545,48.47196425,193.887857,0.05,12031.54004,12227.92969,12030.44043,12221.91016,12221.91016,5521150000,4056.179932,4110.75,4056.179932,4109.310059,4109.310059,4525120000
4/3/23,199.910004,202.690002,192.199997,194.770004,194.770004,169545900,1.07,24318000000,3278000000,0.256,0.1676,0.1545,45.50701028,182.0280411,0.05,12146.08984,12196.33984,12086.51953,12189.4502,12189.4502,4816440000,4102.200195,4127.660156,4098.790039,4124.509766,4124.509766,4234700000
4/4/23,197.320007,198.740005,190.320007,192.580002,192.580002,126463800,1.07,24318000000,3278000000,0.256,0.1676,0.1545,44.99532757,179.9813103,0.05,12208.49023,12224.67969,12081.80957,12126.33008,12126.33008,4298760000,4128.029785,4133.129883,4086.870117,4100.600098,4100.600098,4227800000
4/5/23,190.520004,190.679993,183.759995,185.520004,185.520004,133882500,1.07,24318000000,3278000000,0.256,0.1676,0.1545,43.34579533,173.3831813,0.05,12081.75977,12086.75,11931.84961,11996.86035,11996.86035,4378590000,4094.5,4099.689941,4072.560059,4090.379883,4090.379883,3968020000
4/6/23,183.080002,186.389999,179.740005,185.059998,185.059998,123857900,1.07,24318000000,3278000000,0.256,0.1676,0.1545,43.23831729,172.9532692,0.05,11939.08008,12098.5,11898.36035,12087.95996,12087.95996,3862800000,4081.149902,4107.319824,4069.840088,4105.02002,4105.02002,3486690000
4/10/23,179.940002,185.100006,176.110001,184.509995,184.509995,142154600,1.07,24318000000,3278000000,0.256,0.1676,0.1545,43.10981192,172.4392477,0.05,11975.12988,12084.9502,11924.2002,12084.36035,12084.36035,4334070000,4085.199951,4109.5,4072.550049,4109.109863,4109.109863,3423650000
4/11/23,186.690002,189.190002,185.649994,186.789993,186.789993,115770900,1.07,24318000000,3278000000,0.256,0.1676,0.1545,43.64252173,174.5700869,0.05,12080.24023,12091.26953,12011.40039,12031.87988,12031.87988,4676960000,4110.290039,4124.259766,4102.609863,4108.939941,4108.939941,3665830000
4/12/23,190.740005,191.580002,180.309998,180.539993,180.539993,150256300,1.07,24318000000,3278000000,0.256,0.1676,0.1545,42.18224136,168.7289654,0.05,12110.87012,12134.5,11916.54004,11929.33984,11929.33984,4909770000,4121.720215,4134.370117,4086.939941,4091.949951,4091.949951,3633120000
4/13/23,182.960007,186.5,180.940002,185.899994,185.899994,112933000,1.07,24318000000,3278000000,0.256,0.1676,0.1545,43.43457804,173.7383121,0.05,11997.41992,12178.79981,11995.94043,12166.26953,12166.26953,4942990000,4100.040039,4150.259766,4099.399902,4146.220215,4146.220215,3596590000
4/14/23,183.949997,186.279999,182.009995,185,185,96438700,1.07,24318000000,3278000000,0.256,0.1676,0.1545,43.22429907,172.8971963,0.05,12117.91016,12205.71973,12026.54981,12123.46973,12123.46973,4655740000,4140.109863,4163.189941,4113.200195,4137.640137,4137.640137,3575690000
4/17/23,186.320007,189.690002,182.690002,187.039993,187.039993,116662200,1.07,24318000000,3278000000,0.256,0.1676,0.1545,43.70093294,174.8037318,0.05,12108.23047,12159.01953,12064.09961,12157.71973,12157.71973,4823180000,4137.169922,4151.720215,4123.180176,4151.319824,4151.319824,3611180000
4/18/23,187.149994,187.690002,183.580002,184.309998,184.309998,92067000,1.07,24318000000,3278000000,0.256,0.1676,0.1545,43.06308364,172.2523346,0.05,12234.55957,12245.42969,12110.23047,12153.41016,12153.41016,4851810000,4164.259766,4169.47998,4140.359863,4154.870117,4154.870117,3536640000
4/19/23,179.100006,183.5,177.649994,180.589996,180.589996,125732700,0.73,23329000000,2513000000,0.2313,0.1478,0.137,61.84588904,247.3835562,0.05,12063.67969,12191.09961,12060.16992,12157.23047,12157.23047,4972700000,4139.330078,4162.569824,4134.490234,4154.52002,4154.52002,3572560000
4/20/23,166.169998,169.699997,160.559998,162.990005,162.990005,210970800,0.73,23329000000,2513000000,0.2313,0.1478,0.137,55.81849486,223.2739795,0.05,12039.08008,12155.95996,12011.9502,12059.55957,12059.55957,4590530000,4130.47998,4148.569824,4114.569824,4129.790039,4129.790039,3772080000
4/21/23,164.800003,166,161.320007,165.080002,165.080002,123539000,0.73,23329000000,2513000000,0.2313,0.1478,0.137,56.53424726,226.136989,0.05,12046.03027,12097.15039,11986.82031,12072.45996,12072.45996,4868050000,4132.140137,4138.02002,4113.859863,4133.52002,4133.52002,3611750000
4/24/23,164.649994,165.649994,158.610001,162.550003,162.550003,140006600,0.73,23329000000,2513000000,0.2313,0.1478,0.137,55.66780925,222.671237,0.05,12053.46973,12103.58008,11960.29981,12037.2002,12037.2002,4854050000,4132.069824,4142.410156,4117.77002,4137.040039,4137.040039,3290940000
4/25/23,159.820007,163.470001,158.75,160.669998,160.669998,121999300,0.73,23329000000,2513000000,0.2313,0.1478,0.137,55.02397192,220.0958877,0.05,11968.80957,11990.45996,11798.76953,11799.16016,11799.16016,4806020000,4126.430176,4126.430176,4071.379883,4071.629883,4071.629883,3978640000
4/26/23,160.289993,160.669998,153.139999,153.75,153.75,153364100,0.73,23329000000,2513000000,0.2313,0.1478,0.137,52.65410959,210.6164384,0.05,11913.23047,11967.99023,11833.07031,11854.34961,11854.34961,5281970000,4087.780029,4089.669922,4049.350098,4055.98999,4055.98999,3837030000
4/27/23,152.639999,160.479996,152.369995,160.190002,160.190002,127015200,0.73,23329000000,2513000000,0.2313,0.1478,0.137,54.85958973,219.4383589,0.05,11972.15039,12154.00977,11950.91992,12142.24023,12142.24023,5253710000,4075.290039,4138.240234,4075.290039,4135.350098,4135.350098,3750550000
4/28/23,160.899994,165,157.320007,164.309998,164.309998,122515800,0.73,23329000000,2513000000,0.2313,0.1478,0.137,56.27054726,225.082189,0.05,12117.54004,12227.71973,12082.57031,12226.58008,12226.58008,5331380000,4129.629883,4170.060059,4127.180176,4169.47998,4169.47998,4087800000
5/1/23,163.169998,163.279999,158.830002,161.830002,161.830002,109015000,0.73,23329000000,2513000000,0.2313,0.1478,0.137,55.42123356,221.6849342,0.05,12210.04981,12261.32031,12181.08008,12212.59961,12212.59961,5168430000,4166.790039,4186.919922,4164.120117,4167.870117,4167.870117,3321370000
5/2/23,161.880005,165.490005,158.929993,160.309998,160.309998,128259700,0.73,23329000000,2513000000,0.2313,0.1478,0.137,54.90068425,219.602737,0.05,12198.01953,12206.58008,12015.23047,12080.50977,12080.50977,5501410000,4164.100098,4164.100098,4089.719971,4119.580078,4119.580078,4486130000
5/3/23,160.009995,165,159.910004,160.610001,160.610001,119728000,0.73,23329000000,2513000000,0.2313,0.1478,0.137,55.003425,220.0137,0.0525,12097.04004,12212.54981,12022.45996,12025.33008,12025.33008,5782160000,4122.25,4148.299805,4088.860107,4090.75,4090.75,4246510000
5/4/23,162.710007,162.949997,159.649994,161.199997,161.199997,95108500,0.73,23329000000,2513000000,0.2313,0.1478,0.137,55.20547842,220.8219137,0.0525,11997.33984,12033.15039,11925.37012,11966.40039,11966.40039,4745780000,4082.550049,4082.610107,4048.280029,4061.219971,4061.219971,4920090000
5/5/23,163.970001,170.789993,163.509995,170.059998,170.059998,107440900,0.73,23329000000,2513000000,0.2313,0.1478,0.137,58.23972534,232.9589014,0.0525,12073.03027,12264.83008,12065.71973,12235.41016,12235.41016,4574790000,4084.72998,4147.02002,4084.72998,4136.25,4136.25,4186270000
5/8/23,173.720001,173.800003,169.190002,171.789993,171.789993,112249400,0.73,23329000000,2513000000,0.2313,0.1478,0.137,58.83218938,235.3287575,0.0525,12231.67969,12264.99023,12178.25977,12256.91992,12256.91992,4216360000,4136.97998,4142.299805,4123.810059,4138.120117,4138.120117,3641640000
5/9/23,168.949997,169.820007,166.559998,169.149994,169.149994,88965000,0.73,23329000000,2513000000,0.2313,0.1478,0.137,57.92808014,231.7123205,0.0525,12195.78027,12216.12988,12174.05957,12179.54981,12179.54981,4126780000,4124.25,4130.350098,4116.649902,4119.169922,4119.169922,3810140000
5/10/23,172.550003,174.429993,166.679993,168.539993,168.539993,119840700,0.73,23329000000,2513000000,0.2313,0.1478,0.137,57.71917568,230.8767027,0.0525,12286.66016,12337.69043,12180.86035,12306.44043,12306.44043,4948260000,4143.740234,4154.279785,4098.919922,4137.640137,4137.640137,4057160000
5/11/23,168.699997,173.570007,166.789993,172.080002,172.080002,103889900,0.73,23329000000,2513000000,0.2313,0.1478,0.137,58.93150753,235.7260301,0.0525,12321.25977,12347.37988,12255.44043,12328.50977,12328.50977,4489490000,4132.240234,4132.799805,4109.290039,4130.620117,4130.620117,3752900000
5/12/23,176.070007,177.380005,167.229996,167.979996,167.979996,157577100,0.73,23329000000,2513000000,0.2313,0.1478,0.137,57.52739589,230.1095836,0.0525,12350.51953,12364.65039,12209.58008,12284.74023,12284.74023,4170000000,4138.540039,4143.740234,4099.120117,4124.080078,4124.080078,3533740000
5/15/23,167.660004,169.759995,164.550003,166.350006,166.350006,105592500,0.73,23329000000,2513000000,0.2313,0.1478,0.137,56.96918014,227.8767205,0.0525,12301.16992,12376.40039,12263.34961,12365.20996,12365.20996,3979290000,4126.649902,4141.25,4110.27002,4136.279785,4136.279785,3562170000
5/16/23,165.649994,169.520004,164.350006,166.520004,166.520004,98288800,0.73,23329000000,2513000000,0.2313,0.1478,0.137,57.02739863,228.1095945,0.0525,12327.04981,12403.80957,12324.51953,12343.04981,12343.04981,4067510000,4127.950195,4135.540039,4109.859863,4109.899902,4109.899902,3654200000
5/17/23,168.410004,174.5,167.190002,173.860001,173.860001,125473600,0.73,23329000000,2513000000,0.2313,0.1478,0.137,59.54109623,238.1643849,0.0525,12388.58008,12514.07031,12335.01953,12500.57031,12500.57031,4501820000,4122.850098,4164.669922,4113.620117,4158.77002,4158.77002,4039080000
5/18/23,174.220001,177.059998,172.449997,176.889999,176.889999,109520300,0.73,23329000000,2513000000,0.2313,0.1478,0.137,60.57876678,242.3150671,0.0525,12513.87012,12698.5,12512.25977,12688.83984,12688.83984,4532890000,4157.680176,4202.200195,4153.5,4198.049805,4198.049805,3980500000
5/19/23,177.169998,181.949997,176.309998,180.139999,180.139999,136024200,0.73,23329000000,2513000000,0.2313,0.1478,0.137,61.69178048,246.7671219,0.0525,12709.45996,12731.73047,12624.05957,12657.90039,12657.90039,3935780000,4204.149902,4212.910156,4180.200195,4191.97998,4191.97998,4041900000
5/22/23,180.699997,189.320007,180.110001,188.869995,188.869995,132001400,0.73,23329000000,2513000000,0.2313,0.1478,0.137,64.68150514,258.7260205,0.0525,12664.44043,12756.23047,12655.25977,12720.78027,12720.78027,4278920000,4190.779785,4209.220215,4179.680176,4192.629883,4192.629883,3728520000
5/23/23,186.199997,192.960007,185.259995,185.770004,185.770004,156952100,0.73,23329000000,2513000000,0.2313,0.1478,0.137,63.61986438,254.4794575,0.0525,12652.87988,12709.74023,12554.42969,12560.25,12560.25,4347440000,4176.799805,4185.680176,4142.540039,4145.580078,4145.580078,4155320000
5/24/23,182.229996,184.220001,178.220001,182.899994,182.899994,137605100,0.73,23329000000,2513000000,0.2313,0.1478,0.137,62.63698425,250.547937,0.0525,12481.88965,12529.62988,12415.84961,12484.16016,12484.16016,4088270000,4132.959961,4132.959961,4103.97998,4115.240234,4115.240234,3739160000
5/25/23,186.539993,186.779999,180.580002,184.470001,184.470001,96870700,0.73,23329000000,2513000000,0.2313,0.1478,0.137,63.17465788,252.6986315,0.0525,12706.44043,12736.91992,12604.88965,12698.08984,12698.08984,4651640000,4155.709961,4165.740234,4129.72998,4151.279785,4151.279785,4147760000
5/26/23,184.619995,198.600006,184.529999,193.169998,193.169998,162061500,0.73,23329000000,2513000000,0.2313,0.1478,0.137,66.1541089,264.6164356,0.0525,12736.41992,13001.91016,12729.74023,12975.69043,12975.69043,4434070000,4156.160156,4212.870117,4156.160156,4205.450195,4205.450195,3715460000
5/30/23,200.100006,204.479996,197.529999,201.160004,201.160004,128818700,0.73,23329000000,2513000000,0.2313,0.1478,0.137,68.89041233,275.5616493,0.0525,13109.09961,13154.29004,12968.12012,13017.42969,13017.42969,4843470000,4226.709961,4231.100098,4192.180176,4205.52002,4205.52002,4228510000
5/31/23,199.779999,203.949997,195.119995,203.929993,203.929993,150711700,0.73,23329000000,2513000000,0.2313,0.1478,0.137,69.8390387,279.3561548,0.0525,12968.37988,13029.08008,12889.37012,12935.29004,12935.29004,5905760000,4190.740234,4195.439941,4166.149902,4179.830078,4179.830078,5980670000
6/1/23,202.589996,209.800003,199.369995,207.520004,207.520004,148029900,0.73,23329000000,2513000000,0.2313,0.1478,0.137,71.06849452,284.2739781,0.0525,12944.45996,13141.83008,12903.62988,13100.98047,13100.98047,4610310000,4183.029785,4232.430176,4171.640137,4221.02002,4221.02002,4391860000
6/2/23,210.149994,217.25,209.75,213.970001,213.970001,164129000,0.73,23329000000,2513000000,0.2313,0.1478,0.137,73.2773976,293.1095904,0.0525,13190.48047,13256.20996,13125.86035,13240.76953,13240.76953,4426760000,4241.009766,4290.669922,4241.009766,4282.370117,4282.370117,4454200000
6/5/23,217.800003,221.289993,214.520004,217.610001,217.610001,151143100,0.73,23329000000,2513000000,0.2313,0.1478,0.137,74.52397295,298.0958918,0.0525,13238.48047,13330.65039,13194.9502,13229.42969,13229.42969,4344280000,4282.990234,4299.279785,4266.819824,4273.790039,4273.790039,3813290000
6/6/23,216.139999,221.910004,212.529999,221.309998,221.309998,146911600,0.73,23329000000,2513000000,0.2313,0.1478,0.137,75.79109521,303.1643808,0.0525,13199.58984,13306.20996,13165.65039,13276.41992,13276.41992,4810910000,4271.339844,4288.330078,4263.089844,4283.850098,4283.850098,3996560000
6/7/23,228,230.830002,223.199997,224.570007,224.570007,185710800,0.73,23329000000,2513000000,0.2313,0.1478,0.137,76.90753664,307.6301466,0.0525,13295.25977,13361.90039,13089.48047,13104.90039,13104.90039,5270600000,4285.470215,4299.189941,4263.959961,4267.52002,4267.52002,4537800000
6/8/23,224.220001,235.229996,223.009995,234.860001,234.860001,164489700,0.73,23329000000,2513000000,0.2313,0.1478,0.137,80.43150719,321.7260288,0.0525,13113.26953,13248.59961,13101.17969,13238.51953,13238.51953,4280160000,4268.689941,4298.009766,4261.069824,4293.930176,4293.930176,3826740000
6/9/23,249.070007,252.419998,242.020004,244.399994,244.399994,199882300,0.73,23329000000,2513000000,0.2313,0.1478,0.137,83.69862808,334.7945123,0.0525,13312.38965,13385.9502,13229.33008,13259.13965,13259.13965,4412710000,4304.879883,4322.620117,4291.700195,4298.859863,4298.859863,3786510000
6/12/23,247.940002,250.970001,244.589996,249.830002,249.830002,150337900,0.73,23329000000,2513000000,0.2313,0.1478,0.137,85.55821986,342.2328795,0.0525,13326.37012,13465.91016,13302.58008,13461.91992,13461.91992,4722680000,4308.319824,4340.129883,4304.370117,4338.930176,4338.930176,3945670000
6/13/23,253.509995,259.679993,251.339996,258.709991,258.709991,162384300,0.73,23329000000,2513000000,0.2313,0.1478,0.137,88.59931199,354.3972479,0.0525,13566.53027,13594.40039,13473.19043,13573.32031,13573.32031,5522100000,4352.609863,4375.370117,4349.310059,4369.009766,4369.009766,4275400000
6/14/23,260.170013,261.570007,250.5,256.790009,256.790009,170575500,0.73,23329000000,2513000000,0.2313,0.1478,0.137,87.9417839,351.7671356,0.0525,13570.55957,13661.74023,13455.99023,13626.48047,13626.48047,5772550000,4366.290039,4391.819824,4337.850098,4372.589844,4372.589844,4252110000
6/15/23,248.399994,258.950012,247.289993,255.899994,255.899994,160171200,0.73,23329000000,2513000000,0.2313,0.1478,0.137,87.63698425,350.547937,0.0525,13572.87988,13828.16992,13561.37012,13782.82031,13782.82031,5667520000,4365.330078,4439.200195,4362.600098,4425.839844,4425.839844,4176690000
6/16/23,258.920013,263.600006,257.209991,260.540009,260.540009,167563700,0.73,23329000000,2513000000,0.2313,0.1478,0.137,89.22603048,356.9041219,0.0525,13859.07031,13864.05957,13680.9502,13689.57031,13689.57031,8076530000,4440.950195,4448.470215,4407.439941,4409.589844,4409.589844,6848600000
6/20/23,261.5,274.75,261.119995,274.450012,274.450012,165611200,0.73,23329000000,2513000000,0.2313,0.1478,0.137,93.98973014,375.9589205,0.0525,13642.29004,13711.17969,13561.83984,13667.29004,13667.29004,5237710000,4396.109863,4400.149902,4367.189941,4388.709961,4388.709961,4055790000
6/21/23,275.130005,276.98999,257.779999,259.459991,259.459991,211797100,0.73,23329000000,2513000000,0.2313,0.1478,0.137,88.8561613,355.4246452,0.0525,13620.87012,13638.57031,13460.94043,13502.2002,13502.2002,5194640000,4380.009766,4386.220215,4360.140137,4365.689941,4365.689941,3709330000
6/22/23,250.770004,265,248.25,264.609985,264.609985,166875900,0.73,23329000000,2513000000,0.2313,0.1478,0.137,90.61985788,362.4794315,0.0525,13443.41016,13631.84961,13441.55957,13630.61035,13630.61035,4499550000,4355.399902,4382.25,4351.819824,4381.890137,4381.890137,3511000000
6/23/23,259.290009,262.450012,252.800003,256.600006,256.600006,176584100,0.73,23329000000,2513000000,0.2313,0.1478,0.137,87.87671438,351.5068575,0.0525,13484.09961,13572.19043,13442.65039,13492.51953,13492.51953,7734500000,4354.169922,4366.549805,4341.339844,4348.330078,4348.330078,6053620000
6/26/23,250.070007,258.369995,240.699997,241.050003,241.050003,179990600,0.73,23329000000,2513000000,0.2313,0.1478,0.137,82.55137089,330.2054836,0.0525,13468.74023,13573.57031,13334.41992,13335.78027,13335.78027,4430600000,4344.839844,4362.060059,4328.080078,4328.819824,4328.819824,3415030000
6/27/23,243.240005,250.389999,240.850006,250.210007,250.210007,164968200,0.73,23329000000,2513000000,0.2313,0.1478,0.137,85.68835856,342.7534342,0.0525,13389.25,13578.79981,13366.96973,13555.66992,13555.66992,5053660000,4337.359863,4384.419922,4335,4378.410156,4378.410156,3573500000
6/28/23,249.699997,259.880005,248.889999,256.23999,256.23999,159770800,0.73,23329000000,2513000000,0.2313,0.1478,0.137,87.75342123,351.0136849,0.0525,13506.01953,13654.13965,13495.73047,13591.75,13591.75,4533270000,4367.47998,4390.350098,4360.220215,4376.859863,4376.859863,3739330000
6/29/23,258.029999,260.73999,253.610001,257.5,257.5,131283400,0.73,23329000000,2513000000,0.2313,0.1478,0.137,88.18493151,352.739726,0.0525,13592.36035,13618.53027,13540.25977,13591.33008,13591.33008,4388140000,4374.939941,4398.390137,4371.970215,4396.439941,4396.439941,3696660000
6/30/23,260.600006,264.450012,259.890015,261.769989,261.769989,112267600,0.73,23329000000,2513000000,0.2313,0.1478,0.137,89.64725651,358.589026,0.0525,13719.98047,13816.67969,13716.16016,13787.91992,13787.91992,4661120000,4422.439941,4458.47998,4422.439941,4450.379883,4450.379883,3923450000
7/3/23,276.48999,284.25,275.109985,279.820007,279.820007,119685900,0.73,23329000000,2513000000,0.2313,0.1478,0.137,95.82876952,383.3150781,0.0525,13798.7002,13839.08984,13773.41016,13816.76953,13816.76953,2902300000,4450.47998,4456.459961,4442.290039,4455.589844,4455.589844,2034280000
7/5/23,278.820007,283.850006,277.600006,282.480011,282.480011,131530900,0.73,23329000000,2513000000,0.2313,0.1478,0.137,96.73972979,386.9589192,0.0525,13772.09961,13844.5,13764.25,13791.65039,13791.65039,5339340000,4442.040039,4454.060059,4436.609863,4446.819824,4446.819824,3482620000
7/6/23,278.089996,279.970001,272.880005,276.540009,276.540009,120332100,0.73,23329000000,2513000000,0.2313,0.1478,0.137,94.70548253,378.8219301,0.0525,13653.16992,13689.51953,13567.25,13679.04004,13679.04004,6113080000,4422.620117,4422.620117,4385.049805,4411.589844,4411.589844,3682020000
7/7/23,278.429993,280.779999,273.769989,274.429993,274.429993,113602000,0.73,23329000000,2513000000,0.2313,0.1478,0.137,93.98287432,375.9314973,0.0525,13668.07031,13804.50977,13656.73047,13660.71973,13660.71973,5098120000,4404.540039,4440.390137,4397.399902,4398.950195,4398.950195,3630480000
7/10/23,276.470001,277.519989,265.100006,269.609985,269.609985,119425400,0.73,23329000000,2513000000,0.2313,0.1478,0.137,92.33218664,369.3287466,0.0525,13645.37012,13692.41016,13584.87012,13685.48047,13685.48047,5275390000,4394.22998,4412.600098,4389.919922,4409.529785,4409.529785,3429600000
7/11/23,268.649994,270.899994,266.369995,269.790009,269.790009,91972400,0.73,23329000000,2513000000,0.2313,0.1478,0.137,92.3938387,369.5753548,0.0525,13709.80957,13774.83008,13643.32031,13760.7002,13760.7002,4840950000,4415.549805,4443.640137,4408.459961,4439.259766,4439.259766,3624220000
7/12/23,276.329987,276.519989,271.459991,271.98999,271.98999,95672100,0.73,23329000000,2513000000,0.2313,0.1478,0.137,93.14725685,372.5890274,0.0525,13915.63965,13963.4502,13842.12988,13918.95996,13918.95996,5230620000,4467.689941,4488.339844,4463.22998,4472.160156,4472.160156,3920290000
7/13/23,274.589996,279.450012,270.600006,277.899994,277.899994,112681500,0.73,23329000000,2513000000,0.2313,0.1478,0.137,95.17123082,380.6849233,0.0525,14021.15039,14163.79981,14012.24023,14138.57031,14138.57031,5183560000,4491.5,4517.379883,4489.359863,4510.040039,4510.040039,3839530000
7/14/23,277.01001,285.299988,276.309998,281.380005,281.380005,119771100,0.73,23329000000,2513000000,0.2313,0.1478,0.137,96.36301541,385.4520616,0.0525,14166.66016,14232.11035,14081.95996,14113.7002,14113.7002,5366890000,4514.609863,4527.759766,4499.560059,4505.419922,4505.419922,3647450000
7/17/23,286.630005,292.230011,283.570007,290.380005,290.380005,131569600,0.73,23329000000,2513000000,0.2313,0.1478,0.137,99.44520719,397.7808288,0.0525,14149.91992,14274.41016,14138.00977,14244.9502,14244.9502,4593160000,4508.859863,4532.850098,4504.899902,4522.790039,4522.790039,3538240000
7/18/23,290.149994,295.26001,286.01001,293.339996,293.339996,112434700,0.73,23329000000,2513000000,0.2313,0.1478,0.137,100.4589027,401.835611,0.0525,14212.25,14396.69043,14176.11035,14353.63965,14353.63965,4824070000,4521.779785,4562.299805,4514.589844,4554.97998,4554.97998,4090010000
7/19/23,296.040009,299.290009,289.519989,291.26001,291.26001,142355400,0.78,24927000000,3065000000,0.2149,0.1346,0.1301,93.35256731,373.4102692,0.0525,14398.53027,14446.54981,14317.08984,14358.01953,14358.01953,5112420000,4563.870117,4578.430176,4557.47998,4565.720215,4565.720215,4115670000
7/20/23,279.559998,280.929993,261.200012,262.899994,262.899994,175158300,0.78,24927000000,3065000000,0.2149,0.1346,0.1301,84.26281859,337.0512744,0.0525,14273.29004,14309.91992,14030.62012,14063.30957,14063.30957,5128020000,4554.379883,4564.740234,4527.560059,4534.870117,4534.870117,3761770000
7/21/23,268,268,255.800003,260.019989,260.019989,161050100,0.78,24927000000,3065000000,0.2149,0.1346,0.1301,83.33974006,333.3589603,0.0525,14148.17969,14179.00977,14020.4502,14032.80957,14032.80957,5254180000,4550.160156,4555,4535.790039,4536.339844,4536.339844,3570190000
7/24/23,255.850006,269.850006,254.119995,269.059998,269.059998,136508500,0.78,24927000000,3065000000,0.2149,0.1346,0.1301,86.23717885,344.9487154,0.0525,14081.62988,14110.15039,13997.12988,14058.87012,14058.87012,4083070000,4543.390137,4563.410156,4541.290039,4554.640137,4554.640137,3856250000
7/25/23,272.380005,272.899994,265,265.279999,265.279999,112757300,0.78,24927000000,3065000000,0.2149,0.1346,0.1301,85.02564071,340.1025628,0.0525,14093.24023,14201.91016,14092.51953,14144.55957,14144.55957,3812470000,4555.189941,4580.620117,4552.419922,4567.459961,4567.459961,3812470000
7/26/23,263.25,268.040009,261.75,264.350006,264.350006,95856200,0.78,24927000000,3065000000,0.2149,0.1346,0.1301,84.72756603,338.9102641,0.055,14123.51953,14187.34961,14041.9502,14127.28027,14127.28027,4322000000,4558.959961,4582.470215,4547.580078,4566.75,4566.75,3990290000
7/27/23,268.309998,269.130005,255.300003,255.710007,255.710007,103697300,0.78,24927000000,3065000000,0.2149,0.1346,0.1301,81.95833558,327.8333423,0.055,14319.16016,14360.2002,14006.92969,14050.11035,14050.11035,5115840000,4598.259766,4607.069824,4528.560059,4537.410156,4537.410156,4553210000
7/28/23,259.859985,267.25,258.230011,266.440002,266.440002,111446000,0.78,24927000000,3065000000,0.2149,0.1346,0.1301,85.39743654,341.5897462,0.055,14199.83008,14344.34961,14188.09961,14316.66016,14316.66016,4453520000,4565.75,4590.160156,4564.009766,4582.22998,4582.22998,3981010000
7/31/23,267.480011,269.079987,263.779999,267.429993,267.429993,84582200,0.78,24927000000,3065000000,0.2149,0.1346,0.1301,85.71474135,342.8589654,0.055,14337.90039,14370.91016,14292.75,14346.01953,14346.01953,4934440000,4584.819824,4594.220215,4573.140137,4588.959961,4588.959961,4503600000
8/1/23,266.26001,266.470001,260.25,261.070007,261.070007,83166000,0.78,24927000000,3065000000,0.2149,0.1346,0.1301,83.67628429,334.7051372,0.055,14274.92969,14309.20996,14215.63965,14283.91016,14283.91016,4633770000,4578.830078,4584.620117,4567.529785,4576.72998,4576.72998,4042370000
8/2/23,255.570007,259.519989,250.490005,254.110001,254.110001,101752900,0.78,24927000000,3065000000,0.2149,0.1346,0.1301,81.44551314,325.7820526,0.055,14132.73047,14133.84961,13914.80957,13973.4502,13973.4502,5481960000,4550.930176,4550.930176,4505.75,4513.390137,4513.390137,4270710000
8/3/23,252.039993,260.48999,252,259.320007,259.320007,97569100,0.78,24927000000,3065000000,0.2149,0.1346,0.1301,83.11538686,332.4615474,0.055,13899.75977,14032.28027,13881.34961,13959.71973,13959.71973,6036970000,4494.27002,4519.490234,4485.540039,4501.890137,4501.890137,4149120000
8/4/23,260.970001,264.769989,253.110001,253.860001,253.860001,99242600,0.78,24927000000,3065000000,0.2149,0.1346,0.1301,81.36538494,325.4615397,0.055,14025.95996,14119.21973,13897.92969,13909.24023,13909.24023,5349450000,4513.959961,4540.339844,4474.549805,4478.029785,4478.029785,4143310000
8/7/23,251.449997,253.649994,242.759995,251.449997,251.449997,111097900,0.78,24927000000,3065000000,0.2149,0.1346,0.1301,80.59294776,322.371791,0.055,13972.4502,13997.15039,13864.91992,13994.40039,13994.40039,4892330000,4491.580078,4519.839844,4491.149902,4518.439941,4518.439941,3493920000
8/8/23,247.449997,250.919998,245.009995,249.699997,249.699997,96642200,0.78,24927000000,3065000000,0.2149,0.1346,0.1301,80.03205032,320.1282013,0.055,13875.4502,13899.74023,13769.33984,13884.32031,13884.32031,5284550000,4498.029785,4503.310059,4464.390137,4499.379883,4499.379883,3884910000
8/9/23,250.869995,251.100006,241.899994,242.190002,242.190002,101596300,0.78,24927000000,3065000000,0.2149,0.1346,0.1301,77.62500064,310.5000026,0.055,13897.61035,13898.54004,13698.38965,13722.01953,13722.01953,5591360000,4501.569824,4502.439941,4461.330078,4467.709961,4467.709961,3803100000
8/10/23,245.399994,251.800003,243,245.339996,245.339996,109498600,0.78,24927000000,3065000000,0.2149,0.1346,0.1301,78.6346141,314.5384564,0.055,13818.25,13947.16016,13686.50977,13737.99023,13737.99023,5299080000,4487.160156,4527.370117,4457.919922,4468.830078,4468.830078,4504370000
8/11/23,241.770004,243.789993,238.020004,242.649994,242.649994,98866600,0.78,24927000000,3065000000,0.2149,0.1346,0.1301,77.77243397,311.0897359,0.055,13633.65039,13720.33008,13609.98047,13644.84961,13644.84961,4638880000,4450.689941,4476.22998,4443.97998,4464.049805,4464.049805,3753290000
8/14/23,235.699997,240.660004,233.75,239.759995,239.759995,98595300,0.78,24927000000,3065000000,0.2149,0.1346,0.1301,76.84615224,307.384609,0.055,13599,13789.16016,13582.49023,13788.33008,13788.33008,4272020000,4458.129883,4490.330078,4453.439941,4489.720215,4489.720215,3896410000
8/15/23,238.729996,240.5,232.610001,232.960007,232.960007,88197600,0.78,24927000000,3065000000,0.2149,0.1346,0.1301,74.66666891,298.6666756,0.055,13760.48047,13774.98047,13611.94043,13631.04981,13631.04981,4473320000,4478.870117,4478.870117,4432.189941,4437.859863,4437.859863,3832250000
8/16/23,228.020004,233.970001,225.380005,225.600006,225.600006,112484500,0.78,24927000000,3065000000,0.2149,0.1346,0.1301,72.30769423,289.2307769,0.055,13593.16992,13644.32031,13473.03027,13474.62988,13474.62988,6243760000,4433.790039,4449.950195,4403.549805,4404.330078,4404.330078,3753910000
8/17/23,226.059998,226.740005,218.830002,219.220001,219.220001,120718400,0.78,24927000000,3065000000,0.2149,0.1346,0.1301,70.26282083,281.0512833,0.055,13527.29981,13535.08984,13303.4502,13316.92969,13316.92969,5280180000,4416.319824,4421.169922,4364.830078,4370.359863,4370.359863,3943700000
8/18/23,214.119995,217.580002,212.360001,215.490005,215.490005,135813700,0.78,24927000000,3065000000,0.2149,0.1346,0.1301,69.06730929,276.2692372,0.055,13190.01953,13335.87012,13161.75977,13290.78027,13290.78027,4801910000,4344.879883,4381.819824,4335.310059,4369.709961,4369.709961,3940400000
8/21/23,221.550003,232.130005,220.580002,231.279999,231.279999,135702700,0.78,24927000000,3065000000,0.2149,0.1346,0.1301,74.12820481,296.5128192,0.055,13347.25977,13516.86035,13325.58984,13497.58984,13497.58984,4363070000,4380.279785,4407.549805,4360.299805,4399.77002,4399.77002,3726850000
8/22/23,240.25,240.820007,229.550003,233.190002,233.190002,130597900,0.78,24927000000,3065000000,0.2149,0.1346,0.1301,74.74038526,298.961541,0.055,13593.9502,13598.76953,13484.37988,13505.87012,13505.87012,4282430000,4415.330078,4418.589844,4382.77002,4387.549805,4387.549805,3522760000
8/23/23,229.339996,238.979996,229.289993,236.860001,236.860001,101077600,0.78,24927000000,3065000000,0.2149,0.1346,0.1301,75.91666699,303.6666679,0.055,13532.42969,13757,13532.42969,13721.03027,13721.03027,4127850000,4396.439941,4443.180176,4396.439941,4436.009766,4436.009766,3837270000
8/24/23,238.660004,238.919998,228.179993,230.039993,230.039993,99777400,0.78,24927000000,3065000000,0.2149,0.1346,0.1301,73.73076699,294.9230679,0.055,13834.30957,13834.69043,13462.83984,13463.96973,13463.96973,4383820000,4455.160156,4458.299805,4375.549805,4376.310059,4376.310059,3723470000
8/25/23,231.309998,239,230.350006,238.589996,238.589996,106612200,0.78,24927000000,3065000000,0.2149,0.1346,0.1301,76.47115256,305.8846103,0.055,13514.37012,13633.41992,13376.34961,13590.65039,13590.65039,3970060000,4389.379883,4418.459961,4356.290039,4405.709961,4405.709961,3296180000
8/28/23,242.580002,244.380005,235.350006,238.820007,238.820007,107673700,0.78,24927000000,3065000000,0.2149,0.1346,0.1301,76.54487404,306.1794962,0.055,13695.36035,13735.98047,13626.63965,13705.12988,13705.12988,3666680000,4426.029785,4439.560059,4414.97998,4433.310059,4433.310059,2957230000
8/29/23,238.580002,257.480011,237.770004,257.179993,257.179993,134047600,0.78,24927000000,3065000000,0.2149,0.1346,0.1301,82.42948494,329.7179397,0.055,13687.23047,13959.80957,13677.05957,13943.75977,13943.75977,4748180000,4432.75,4500.140137,4431.680176,4497.629883,4497.629883,3354820000
8/30/23,254.199997,260.51001,250.589996,256.899994,256.899994,121988400,0.78,24927000000,3065000000,0.2149,0.1346,0.1301,82.33974167,329.3589667,0.055,13961.76953,14050.82031,13924.2002,14019.30957,14019.30957,4364600000,4500.339844,4521.649902,4493.589844,4514.870117,4514.870117,3064110000
8/31/23,255.979996,261.179993,255.050003,258.079987,258.079987,108861700,0.78,24927000000,3065000000,0.2149,0.1346,0.1301,82.71794455,330.8717782,0.055,14041.54004,14114.66992,14010.48047,14034.96973,14034.96973,4568610000,4517.009766,4532.259766,4507.390137,4507.660156,4507.660156,3946360000
9/1/23,257.26001,259.079987,242.009995,245.009995,245.009995,132272500,0.78,24927000000,3065000000,0.2149,0.1346,0.1301,78.52884455,314.1153782,0.055,14129.95996,14149.62012,13982.41992,14031.80957,14031.80957,4033960000,4530.600098,4541.25,4501.350098,4515.77002,4515.77002,3246260000
9/5/23,245,258,244.860001,256.48999,256.48999,129469600,0.78,24927000000,3065000000,0.2149,0.1346,0.1301,82.20833013,328.8333205,0.055,13994.54004,14060.84961,13945.65039,14020.9502,14020.9502,4379790000,4510.060059,4514.290039,4496.009766,4496.830078,4496.830078,3526250000
9/6/23,255.139999,255.389999,245.059998,251.919998,251.919998,116959800,0.78,24927000000,3065000000,0.2149,0.1346,0.1301,80.7435891,322.9743564,0.055,13988.80957,14001.9502,13802.41992,13872.46973,13872.46973,4215320000,4490.350098,4490.350098,4442.379883,4465.47998,4465.47998,3418850000
9/7/23,245.070007,252.809998,243.270004,251.490005,251.490005,115312900,0.78,24927000000,3065000000,0.2149,0.1346,0.1301,80.60577083,322.4230833,0.055,13675.11035,13774.62988,13642.46973,13748.83008,13748.83008,4320830000,4434.549805,4457.810059,4430.459961,4451.140137,4451.140137,3763760000
9/8/23,251.220001,256.519989,246.669998,248.5,248.5,118367700,0.78,24927000000,3065000000,0.2149,0.1346,0.1301,79.6474359,318.5897436,0.055,13754.70996,13843.37012,13733.17969,13761.53027,13761.53027,4160360000,4451.299805,4473.529785,4448.379883,4457.490234,4457.490234,3259290000
9/8/23,251.220001,256.519989,246.669998,248.5,248.5,118367700,0.78,24927000000,3065000000,0.2149,0.1346,0.1301,79.6474359,318.5897436,0.055,13884.03027,13937.46973,13805.12988,13917.88965,13917.88965,4538870000,4480.97998,4490.77002,4467.890137,4487.459961,4487.459961,3369920000
9/11/23,264.269989,274.850006,260.609985,273.579987,273.579987,174667900,0.78,24927000000,3065000000,0.2149,0.1346,0.1301,87.68589327,350.7435731,0.055,13858.94043,13913.59961,13763.69043,13773.61035,13773.61035,4595490000,4473.27002,4487.109863,4456.830078,4461.899902,4461.899902,3435740000
9/12/23,270.76001,278.390015,266.600006,267.480011,267.480011,135999900,0.78,24927000000,3065000000,0.2149,0.1346,0.1301,85.73077276,342.923091,0.055,13773.66992,13868.57031,13733.82031,13813.58984,13813.58984,4840310000,4462.649902,4479.390137,4453.52002,4467.439941,4467.439941,3529430000
9/13/23,270.070007,274.980011,268.100006,271.299988,271.299988,111673700,0.78,24927000000,3065000000,0.2149,0.1346,0.1301,86.95512436,347.8204974,0.055,13889.76,13957.57,13810.66,13926.05,13926.05,4649010000,4487.779785,4511.990234,4478.689941,4505.100098,4505.100098,3648720000